3492 5200
238 447 243 458 .
319 395 382 457 120
857 403 999 456 mennon

409 572 481 634 869.
506 568 651 654 σησαμῆ]
685 570 757 654 Lag.
781 563 953 654 σησαμοῦς.
993 568 1036 634 01.
1060 569 1139 634 Ach.
1165 569 1258 632 1092.
1291 570 1420 651 ἄμυλοι,
1452 570 1551 633 πλα-

317 666 486 734 κοῦντες,
510 665 784 743 σησαμοῦντες,
808 661 894 743 ἴτρια.

393 749 506 814 ..1026
529 748 565 814 τὸ
593 748 759 832 φρύγανον
785 748 945 832 τίθεσθαι]
985 748 1057 832 lkg.
1089 747 1126 811 τὰ
1159 748 1296 832 φρύγαν’
1328 750 1551 812 ὑποτίθεσθαι.

320 839 365 904 01.
389 839 475 904 Ecel.
502 840 595 903 1031.
619 838 730 902 Telecl.
747 837 787 901 II.
805 839 878 901 371.
901 837 1136 921 Σωκράτης
1103 861 1140 900 τα
1163 839 1290 921 φρύγαν
1293 837 1519 921 ’ὑποτίθησιν

411 929 506 990 1135.
532 928 576 992 01
557 924 689 992 fDem.
716 927 810 1011 1073,
835 928 886 990 27.
913 927 1027 998 ταύτας
1055 924 1120 1009 (τὰς
1147 926 1261 1007 ἐλαίας)
1290 929 1466 1010 ἐξώρυττον
1494 929 1552 991 καὶ

319 1017 599 1099 ἐξεπρέμνιζον.

412 1107 506 1169 1183.
531 1105 574 1171 01.
599 1106 713 1171 Aesoh.
731 1105 816 1171 Pers.
833 1107 907 1170 210.
930 1104 1046 1190 βωμὸν
1068 1105 1251 1189 προσέστην.

873 1249 982 1313 Aves

413 1373 623 1440 ΟΡΝΙΘΕΣ.
670 1373 760 1439 Idem
776 1373 934 1458 Magnetis
949 1379 981 1438 et
996 1374 1130 1438 Cratetis
1147 1373 1325 1438 fabularum
1343 1375 1455 1438 titulus
1476 1376 1549 1439 fuit.

321 1465 419 1549 Origo
448 1463 627 1548 argumenti
654 1464 750 1546 hujus
778 1464 903 1527 fabulae
929 1463 1006 1527 latet
1033 1463 1164 1527 fortasse
1188 1465 1222 1526 in
1247 1463 1353 1528 verbis
1374 1463 1448 1528 Pac.
1474 1466 1548 1528 116.

322 1555 369 1624 ὡς
402 1553 440 1617 σὺ
472 1553 540 1636 μετ’
572 1553 715 1634 ὀρνίθων
738 1591 777 1600 -
803 1553 908 1636 βαδιεῖ
935 1553 1136 1635 μεταμώνιος
1181 1551 1335 1617 Similiter
1366 1553 1402 1615 in
1424 1553 1550 1636 Νήσοις

320 1649 353 1707 et
379 1641 547 1726 Eupolidis
574 1640 692 1705 Πόλεσι
720 1642 871 1706 Civitates
899 1642 1043 1744 singulae
1070 1645 1256 1744 persenniae
1283 1642 1317 1704 in
1346 1641 1548 1707 Orchestram

320 1731 490 1816 prodeunt,
465 1736 546 1795 tet
569 1750 651 1813 qnae
675 1748 819 1813 quaeque
842 1732 883 1794 sit
906 1731 990 1794 ab''
968 1751 1009 1795 ns
1033 1731 1088 1813 qui
1112 1731 1147 1795 in
1169 1732 1334 1814 proscenio
1358 1731 1506 1796 adsunt'
1462 1737 1548 1796 111-

321 1823 453 1885 dicatur.
499 1817 575 1883 Ut
566 1839 601 1884 111
625 1819 722 1884 unius
745 1821 823 1885 anni
847 1821 946 1905 spatio
970 1821 1072 1884 editae
1095 1825 1170 1884 sunt
1193 1821 1274 1884 duae
1289 1826 1362 1884 nost
1363 1822 1390 1883 ri
1350 1820 1548 1903 tiabnlae,

318 1902 405 1975 Aves
432 1914 464 1974 et
491 1910 718 1994 Amphiaraus,
745 1910 791 1973 sic
814 1909 939 2011 Vespae
967 1914 999 1974 et
1020 1908 1181 1993 Proagon‚
1207 1909 1548 1993 Thesmophoriaausae

318 2006 350 2065 et
372 1998 554 2083 Lysistrata.
600 1998 695 2064 Unde
729 1999 898 2064 celerem
891 2018 923 2061 1n
956 1999 1182 2083 componendis
1208 1998 1326 2063 fabulis
1352 2000 1450 2063 fuisse
1473 2001 1547 2063 Ari·

317 2090 502 2173 stophanem
526 2088 673 2172 colligere
696 2107 874 2173 possumus.
921 2087 1080 2153 “Perfecti
1096 2094 1207 2173 poetae
1228 2087 1408 2152 divinitas'
1398 2107 1434 2152 111
1458 2089 1548 2152 nulla

319 2180 381 2242 alia
404 2177 568 2243 comoedia
590 2182 655 2241 tam
684 2178 768 2242 clare
797 2178 895 2242 enitet
923 2197 1019 2260 quam
1046 2178 1080 2240 in
1105 2176 1241 2259 Avibus,
1268 2178 1303 2240 in
1327 2197 1391 2258 qua
1415 2178 1547 2259 quidem

318 2268 482 2333 comoedia
513 2267 621 2331 neseio
655 2285 697 2330 an
729 2267 833 2330 omnis
866 2267 996 2330 omnino
1030 2286 1080 2330 ars
1113 2267 1307 2331 comicorum
1335 2268 1377 2331 sit
1399 2286 1548 2331 consum-

319 2356 435 2421 mata.''
458 2355 583 2439 (Bergk.
608 2356 708 2420 Praei.
731 2357 772 2419 ad
795 2356 844 2419 Fr.
867 2376 896 2439 p.
922 2357 970 2437 9.).

407 2445 483 2530 Arg.
506 2443 531 2507 I.
555 2445 591 2514 ὃς
613 2445 643 2525 (f.
659 2445 723 2525 καὶ)
746 2444 786 2528 ἦν
807 2445 959 2528 δεύτερος.
1023 2443 1187 2527 Ἀμειηιίας
1201 2444 1406 2529 Κωμασταῖς]
1426 2446 1548 2509 Mirum

322 2538 370 2599 est
400 2533 526 2597 fabulae
559 2552 654 2616 quam
677 2535 891 2598 Athenienses
923 2535 1022 2598 nostri
1049 2534 1187 2616 Avibus,
1218 2534 1344 2598 fabulae
1372 2555 1449 2598 sane
1476 2537 1549 2618 pul—

319 2624 507 2704 cherrimae,
530 2622 749 2706 praetulerunt
770 2641 812 2686 ne
827 2642 929 2686 unum
944 2624 1073 2706 quidem
1096 2625 1308 2706 fragmentum
1330 2643 1503 2706 superesse.

407 2713 483 2796 Arg.
500 2710 541 2774 II.
564 2718 619 2795 τῆς
634 2712 796 2783 κατοικίας
814 2711 975 2797 Ἀθηνῶν]
998 2719 1053 2795 τῆς
1073 2713 1187 2782 κακίας
1205 2712 1386 2795 Ἀθηναίων
1402 2713 1549 2796 Koechly
1657 2771 1661 2782 .

319 2802 358 2867 de
381 2802 506 2865 Avibus
529 2821 557 2884 p.
583 2803 635 2886 23.
705 2801 806 2865 ἕωλον
831 2802 942 2881 (ἕωλον
966 2800 1108 2881 οὗοανΡ).

406 2891 483 2974 Arg.
507 2889 548 2954 ΙΙ.
572 2889 671 2954 11111.
696 2893 758 2954 ἔστι
782 2891 817 2954 δὲ
839 2891 874 2954 ii
897 2890 997 2970 (deest
1017 2891 1076 2954 hoc
1099 2891 1134 2954 in
1149 2892 1272 2972 codice,
1295 2893 1338 2961 εἰς
1362 2891 1397 2955 δὲ
1419 2890 1548 2974 Λήναια

318 2981 414 3045 Mein.
439 2979 477 3043 V.
503 2980 553 3043 61.
583 2985 614 3043 et
641 2978 793 3044 Fritzsch.
826 2978 952 3055 Quaest.
975 2980 1135 3063 Aristoph.
1159 2979 1183 3042 I.
1210 2981 1281 3043 178.
1314 3000 1374 3044 nec
1402 2981 1551 3045 dissentit

320 3070 355 3135 0.
379 3069 561 3134 Schneider.
586 3069 624 3133 de
648 3069 745 3133 schol.
768 3069 844 3133 font.
868 3089 897 3152 p.
923 3071 993 3148 52).

407 3156 689 3222 ΕΥΕΛΠΙΔΗΣ.
713 3157 858 3222 Modicus
881 3158 1053 3242 Euelpides
1069 3163 1262 3222 memoratur
1278 3158 1370 3223 Celso
1381 3159 1436 3223 VI.
1449 3160 1476 3222 6.
1488 3164 1547 3223 etc.

319 3248 363 3311 01.
388 3247 501 3311 Aesch.
524 3246 630 3310 Prom.
656 3249 728 3312 509.
753 3249 875 3318 εὔελπίς
898 3249 960 3320 εἶμι
976 3287 1018 3295 -—
1035 3249 1180 3332 ἰσχύσειν.
1207 3249 1301 3312 Thuc.
1319 3248 1374 3311 Vl.
1392 3251 1442 3311 24.
1468 3248 1547 3312 Plat.

318 3336 435 3400 Phaed.
460 3336 488 3398 9.
535 3335 652 3398 Contra
676 3337 820 3406 δύσελπις
844 3337 969 3418 (Aesch.
994 3337 1067 3401 Cho.
1092 3337 1186 3420 412).

407 3422 727 3489 ΠΕΙΣΕΤΑΙΡΟΣ.
773 3424 823 3489 Ita
846 3427 956 3509 scripsi
981 3446 1054 3490 cum
1078 3425 1232 3490 Dobraeo.
1269 3423 1455 3490 Dindorfius
1469 3426 1546 3490 Πει-

318 3516 465 3597 θὲταιρος
492 3514 636 3597 praefert.
682 3514 866 3579 Formatum
898 3519 934 3578 ut
963 3514 1173 3598 Πείσανδρος,
1201 3514 1436 3597 Πεισίστρατος,
1464 3540 1545 3598 προ-

319 3604 528 3687 δωοίκομπος
555 3604 645 3683 (com.
670 3604 774 3686 adesp.
801 3605 920 3686 1125),
949 3604 1131 3679 δωσίδικος,
1158 3605 1415 3688 ταραξικάρδιος,
1443 3606 1546 3689 μεθυ-

319 3694 525 3777 σοχάρυβδις,
553 3691 754 3776 Μνησίθεος,
782 3693 984 3777 Λυσίμαχος,
1014 3695 1183 3776 δεισάνωρ,
1212 3695 1388 3780 τρυοάνωρ.
1432 3695 1548 3759 Confer

318 3784 413 3845 etiam
438 3802 556 3846 nomen
578 3783 741 3865 proprium
771 3782 957 3864 Φιλέταιρος.

409 3870 646 3935 ΤΡΟΧΙΛΟΣ.
670 3871 830 3935 Heniochi
854 3872 1074 3936 comoediaet
1074 3873 1172 3937 uitlus
1195 3874 1255 3937 fuit
1273 3873 1437 3956 Τροχίλος.

410 3960 458 4021 19.
483 3959 527 4023 01.
551 3960 629 4024 Ran.
655 3963 729 4024 227.
763 3961 857 4024 οὐδὲν
890 3962 999 4043 γάρ’
983 3962 1043 4024 εοτ’
1077 3961 1192 4045 (γὰρ”
1176 3962 1232 4025 ιστ’
1239 3965 1270 4042 P)
1241 3962 1368 4026 1ἀλλ’
1402 3966 1421 4046 ἢ
1455 3963 1543 4036 κοάξ.

317 4049 411 4114 Alex.
436 4049 509 4131 237,
536 4050 564 4110 3.
587 4055 695 4112 πονεῖν
716 4049 819 4132 μόνον
839 4050 843 4134 Ι
864 4049 917 4113 καὶ
941 4051 1113 4115 δειπνεῖν’
1098 4053 1302 4152 επιοτάμενοι.

410 4138 522 4200 132.
506 4142 608 4201 εοτιᾶν
631 4137 772 4222 γάμους]
798 4137 980 4214 0111111
1003 4141 1122 4222 φίλους.
1146 4139 1205 4204 01.
1229 4139 1366 4206 Demetr.
1391 4140 1446 4204 IV
1472 4142 1544 4203 539.

318 4229 481 4298 ἑστιῶντος
503 4251 576 4297 τους
600 4227 718 4309 φίλους.
742 4226 825 4290 Men.
849 4227 904 4290 IV.
930 4231 1043 4292 333.
1026 4235 1128 4293 εοτιᾶν
1150 4230 1224 4300 τοὺς
1246 4230 1364 4313 φίλους.

409 4318 480 4379 133.
505 4314 549 4379 01.
578 4314 660 4380 Ecol.
692 4317 786 4378 1144.
820 4319 1005 4381 ούκουν-
1029 4319 1109 4401 ε’ρεῖς
1138 4319 1142 4403 Ι
1173 4320 1286 4403 καὶμ
1260 4319 1305 4403 μὴ
1338 4318 1543 4401 παραλείηιεις

317 4406 507 4490 μηδέν’,
452 4443 493 4450 -

408 4495 480 4558 364.
499 4431 619 4580 μένειν]
643 4494 716 4579 Leg.
739 4496 869 4580 μέλλειν.
