3492 5200
614 1277 1062 1412 eeeeleeNDA

443 1521 491 1586 IN
522 1521 623 1587 MEIS
655 1521 924 1588 FABULARUM
945 1521 1242 1618 ΙΕΙΠΤΙΟΝΙΒΠΒ.

736 1723 949 1730 ——-—...-—..-

758 1884 927 1966 Equites.

344 2042 394 2104 25.
419 2041 457 2104 In
480 2046 556 2106 neta
578 2063 634 2126 pro
658 2042 733 2106 “Th.
758 2042 854 2106 482.”
878 2062 957 2106 corr.
981 2043 1057 2106 “Th.
1082 2043 1154 2104 482.
1181 2040 1274 2104 519.”

344 2131 394 2194 55.
418 2130 457 2194 In
477 2137 553 2196 nota
567 2151 624 2215 pro
641 2133 697 2196 “ev
712 2131 846 2215 πυέλῳ”
863 2152 941 2196 corr.
959 2133 1016 2195 “e’v
1030 2132 1139 2213 πυέλῳ
1155 2131 1187 2211 (i.
1198 2151 1224 2195 e.
1240 2131 1273 2193 ἓν
1288 2128 1456 2213 μάκτρᾳ).”

343 2221 394 2283 85.
417 2219 458 2284 In
480 2226 555 2284 neta
578 2223 701 2305 corrige
724 2223 784 2304 sie,
807 2220 878 2285 “Ita
900 2220 995 2286 Mein.
1021 2220 1119 2303 Vele,
1148 2219 1256 2284 OIK.”

343 2309 394 2372 87.
418 2308 456 2372 Ιι]
479 2314 555 2374 nete
577 2311 607 2391 (l.
634 2312 696 2389 13.)
719 2313 842 2394 corrige
866 2311 926 2392 sie,
949 2311 1050 2389 “(nen
1073 2316 1121 2373 est
1143 2310 1177 2371 in
1201 2307 1237 2372 R.
1260 2308 1296 2371 Γ.
1325 2307 1402 2389 Θ.).”

322 2399 457 2462 275.1n
480 2406 555 2463 nete
586 2401 709 2484 corrige
741 2402 799 2484 sie,
832 2400 905 2463 “vel
938 2398 1003 2462 ἀλλ’
1038 2400 1102 2480 ἐγώ
1135 2423 1170 2462 σε
1201 2405 1239 2482 τῇ
1269 2400 1334 2482 βοῇ
1365 2399 1456 2481 πρώ-

231 2511 313 2550 τιστα
337 2486 417 2552 eto.''

320 2577 394 2640 400.
417 2577 456 2640 In
479 2583 572 2644 notae
596 2578 660 2644 fine
682 2580 804 2664 cem'ge
827 2581 886 2663 sie,
910 2579 1026 2643 “Mein.
1049 2578 1163 2662 Bergk.
1188 2580 1265 2642 ete.”

322 2668 394 2730 526.
418 2668 456 2732 In
480 2674 556 2734 neta
578 2670 608 2751 (1.
636 2671 695 2750 15.)
719 2691 775 2754 pre
800 2669 955 2753 ’(πρηνὴ”
980 2689 1058 2732 cerr.
1083 2667 1259 2751 “πρηνὴς.”

322 2757 393 2818 903.
417 2757 456 2819 In
478 2765 555 2822 nete
577 2779 633 2840 pre
658 2760 708 2821 “v.
733 2759 828 2822 902.”
852 2779 931 2821 cerr.
954 2759 1027 2820 “vv.
1052 2759 1125 2819 888.
1151 2758 1243 2819 902.”

778 2937 914 3001 Nubes.

344 3081 417 3144 226.
440 3080 503 3144 Pro
526 3080 665 3143 “1402”
690 3100 769 3144 corr.
793 3078 934 3143 “Moe”
958 3077 989 3158 ss.
1014 3078 1054 3157 2.)

343 3172 416 3233 858.
441 3171 503 3234 Pro
528 3170 684 3253 “zoeque’'
708 3191 787 3234 cerr.
812 3166 970 3250 “τρέπω.”

343 3261 416 3324 884.
441 3280 466 3323 c.
490 3259 543 3324 fin.
566 3280 623 3344 pro
647 3260 747 3323 “Aeh‚
771 3257 866 3322 487.”
890 3278 968 3321 corr.
994 3256 1096 3320 “Aeh.
1123 3257 1195 3319 150.
1219 3255 1314 3320 487.”

188 3384 190 3388 -
323 3351 416 3413 1276.
439 3349 503 3413 Pro
528 3348 620 3433 “ῦμ”
644 3371 723 3414 cerr.
747 3346 866 3432 “κῦμ.”

324 3439 417 3501 1348.
441 3439 503 3502 Pro
528 3438 662 3504 “office'’
686 3460 764 3504 corr.
789 3436 944 3508 “efitwcs’

791 3619 898 3682 Aves,

346 3765 395 3826 78.
418 3763 481 3827 Pro
502 3760 675 3832 ‘'Ervom'’
699 3781 777 3825 corr.
802 3759 984 3830 “⁹Etv0vc.’'

322 3853 394 3916 396.
419 3850 497 3916 Dele
521 3851 604 3914 “Vel
628 3853 766 3934 ὅημοσίᾳ
789 3851 880 3920 ὅπως
903 3848 1085 3932 ταφῶμεν.”

731 4031 956 4114 Lysistrata.

366 4178 416 4240 71.
439 4178 501 4242 Pro
526 4174 716 4240 “τοιούτου”
740 4195 819 4239 cerr.
844 4171 1049 4238 “voeoewa'

346 4266 417 4329 160.
442 4267 479 4330 In
502 4272 578 4331 neta
600 4271 671 4350 pest
694 4264 830 4330 “Dine”
854 4264 935 4328 adde
960 4260 1099 4327 “Mein'’

344 4357 416 4417 373.
440 4353 519 4419 Dele
543 4356 630 4438 “ε’γὼ
652 4355 721 4438 μὲν,
745 4355 783 4418 ἵν’
808 4392 849 4401 -
873 4353 965 4418 Vel.”

323 4444 416 4507 1060.
440 4445 503 4508 Pro
528 4446 657 4509 ί(κᾶστιν
680 4447 767 4514 ἔτνος
788 4445 847 4527 μοί
867 4443 918 4506 τι”
943 4463 1022 4508 cerr.
1048 4442 1177 4504 ακᾶστιν
1201 4439 1241 4503 ἔτ’
1265 4438 1351 4510 ἔτνος
1374 4434 1429 4504 τι.”

323 4534 416 4596 1321.
440 4533 502 4597 Pro
527 4532 728 4618 Ηπάμμαχε”
753 4554 830 4598 corr.
855 4531 1063 4616 απαμμάχε.”
