3492 5194
323 415 367 478 48
897 431 975 477 ivos

338 645 342 652 .
417 594 511 656 1172.
534 594 602 674 ἄρτι
630 598 694 655 τιῖιν
723 591 781 675 -]
815 591 873 666 Qu.
902 593 1017 674 ἀρτίως
1044 599 1099 656 aul
1123 594 1191 675 ἄρτι
1218 599 1283 656 νῦν.
1327 593 1371 658 Cf.
1400 591 1449 657 Fr.
1475 597 1551 657 326.

325 682 392 745 ἀλλ’
416 682 532 761 ἀρτίως
554 682 719 744 κατέλιπον
742 682 840 764 αὐτὴν
856 687 913 743 etc.
937 680 1053 744 Eubul.
1069 681 1126 745 III.
1143 682 1216 744 203.
1240 683 1408 766 έξεπήδησ’
1425 685 1552 766 ἀρτίως.

323 771 394 834 Nisi
421 771 589 852 scripserat
615 776 679 833 τῶν
706 770 793 851 παρὰ
824 779 870 851 τῷ
893 769 948 832 Διί.
997 768 1079 844 Quid
1107 770 1264 853 significet
1285 777 1350 835 τῶν
1373 773 1461 835 θεῶν
1484 779 1552 836 τῶν

322 859 409 942 παρὰ
433 866 488 921 τοῦ
513 859 586 929 Διὸς
609 879 675 922 non
698 860 848 940 intelligo.
895 858 1039 922 Conferri
1063 879 1128 922 non
1151 859 1244 923 debet
1266 862 1380 924 Aesoh.
1398 863 1455 944 Ag.
1474 863 1550 924 538.

322 952 427 1032 κῆρυξ
445 948 581 1030 Ἀχαιῶν
603 954 693 1031 χαῖρε
715 954 779 1010 τῶν
802 947 867 1009 ἀπὸ
890 953 945 1010 τοῦ
969 954 1110 1031 στρατοῦ.

415 1037 507 1099 1175.
537 1035 566 1100 α’)
596 1075 636 1082 -
666 1035 880 1120 εἰργασμένος]
910 1036 954 1100 Of.
982 1038 1074 1099 1467.
1108 1035 1137 1100 ὦ
1169 1038 1289 1100 κάκιστ’
1318 1038 1550 1121 ἀπολούμενος.

323 1125 501 1208 Utrobique
524 1127 739 1189 restituendos
762 1126 890 1190 videtur
912 1127 1083 1190 vocativus.

414 1215 507 1276 1181.
530 1214 688 1298 τριόρχης]
712 1217 848 1298 τρίορχις
871 1214 1007 1278 Cramer.
1032 1215 1152 1278 Aneod.
1176 1215 1217 1278 Il.
1242 1217 1316 1299 452,
1335 1217 1384 1280 15.

334 1371 338 1378 ,
410 1291 507 1366 1182.
531 1305 617 1388 ῥύμη
646 1329 677 1367 τε
704 1305 758 1368 καὶ
784 1304 937 1389 πτεροῖσι]
972 1303 1029 1380 Qu.
1058 1305 1145 1387 ῥύμη
1175 1305 1210 1367 δὲ
1238 1307 1303 1386 (γε)
1331 1311 1394 1368 τῶν
1421 1311 1552 1389 πτερῶν

323 1417 357 1474 γε
381 1430 435 1455 -.
526 1393 724 1477 ῥοιζήμασιν]
750 1393 808 1468 Qu.
832 1395 931 1475 ῥοίζῳ
953 1395 1017 1456 τινί.

414 1483 507 1545 1183.
531 1482 642 1565 αι’θῆρ]
665 1483 748 1546 Foro.
772 1483 871 1564 αῖθῆρ
894 1484 970 1562 (sio).

413 1572 506 1634 1198.
531 1570 629 1654 δίνης]
654 1571 736 1635 Fert.
753 1573 851 1653 οὔσης
866 1577 921 1634 aut
936 1573 1034 1642 ὄντος.
1112 1572 1282 1655 πτερωτός]
1300 1570 1358 1646 Qu.
1374 1581 1551 1654 πτερωτοῦ.

414 1661 506 1722 1200.
531 1659 614 1743 Lege
637 1661 682 1742 ἔχ’
707 1661 844 1742 ἀτρέμας
867 1661 977 1722 αὐτοῦ·
1001 1659 1101 1743 στῆθ’.
1141 1661 1185 1724 Of.
1208 1661 1261 1722 Th.
1287 1662 1359 1724 230.

414 1750 506 1811 1201.
530 1749 628 1830 λέγειν
651 1749 758 1833 ε’χρῆν]
788 1748 832 1812 Cf.
856 1747 896 1811 ad
919 1748 965 1811 Pl.
990 1752 1064 1812 432.
1088 1750 1186 1830 λέγειν
1209 1751 1305 1832 ε’χρῆν
1333 1750 1372 1829 (α’
1397 1752 1494 1834 ἐχρῆν
1517 1757 1553 1816 et

322 1862 356 1901 σε
379 1838 561 1988 χρ]η213]”τί
580 1926 615 1990 τὸ
638 1926 773 2010 κακόν,·]
796 1927 826 1989 τί
846 1926 884 1990 σὺ
908 1926 1021 2009 λέγεις;
1043 1927 1158 1990 Neber.

414 2016 507 2078 1217.
531 2017 661 2079 κᾶπειτα
687 2015 870 2102 δῆθ’]-Ιιος,
894 2017 996 2079 ἔπειτα
1022 2016 1106 2099 δῆθ’.

413 2106 506 2168 1218.
529 2112 584 2188 τῆς
607 2106 785 2188 ἀλλοτρίας;
813 2112 874 2187 φεῦ
896 2111 952 2168 τοῦ
976 2106 1119 2186 θράσους
1143 2106 1307 2188 ingeniose
1331 2107 1362 2168 Τ.
1386 2105 1478 2169 Ηιι15.

413 2196 506 2257 1221.
531 2194 635 2258 ἀδικεῖ
655 2195 689 2258 δὲ
712 2196 766 2258 καὶ
788 2194 856 2278 νῦν]
881 2195 925 2258 Of.
954 2195 1047 2277 Soph.
1077 2197 1151 2257 Ant.
1176 2197 1248 2257 316.
1282 2196 1342 2257 οὐκ
1375 2194 1470 2258 οἶσθα
1493 2195 1548 2260 καὶ

321 2289 378 2346 νῦν
400 2284 448 2353 ὡς
471 2286 610 2365 ἀνιαρῶς
637 2284 741 2366 λέγεις.
769 2284 865 2347 Thno.
889 2283 927 2344 V.
953 2285 1003 2346 30.
1026 2283 1080 2346 καῖ
1103 2284 1164 2365 ῆδη
1193 2284 1312 2346 ἀδικεῖν
1336 2283 1473 2365 (αὐτοὺς)
1501 2285 1549 2346 ὅτι

322 2374 360 2435 οὐ
385 2373 527 2455 δέχονται
550 2373 604 2442 τὰς
623 2373 803 2455 Ἀθηναίων
826 2373 974 2441 σπονδάς.

412 2462 505 2523 1226.
530 2462 669 2542 ἄρξομεν
686 2463 780 2524 etiam
797 2460 902 2524 Cobet.
928 2460 971 2523 Cf.
987 2462 1026 2524 ad
1041 2462 1206 2525 11011107.
1222 2463 1295 2525 Ριιε.
1311 2464 1383 2524 233.
1399 2460 1453 2524 Th.
1473 2463 1549 2526 637.

412 2550 505 2611 1228.
530 2550 675 2632 ἀκροατέ’
700 2551 796 2612 etiam
820 2550 926 2612 Cobet.
966 2549 1010 2612 Of.
1035 2550 1112 2613 Ran.
1140 2552 1233 2613 1180.
1258 2552 1411 2614 ἀκουστέα
1436 2551 1549 2631 (ἀκου-

322 2639 411 2701 στέον
434 2638 490 2717 it).
513 2638 592 2701 th.
618 2639 690 2702 394.
713 2639 850 2721 βαδιστέ’
874 2639 961 2702 ε’στίν.

413 2729 505 2789 1220.
529 2728 734 2810 imprimatur
757 2729 816 2810 sie,
838 2728 887 2790 τὼ
911 2729 1072 2810 πτέρυγε
1095 2735 1163 2792 ποῖ
1181 2729 1417 2804 ναυστολεῖς;

412 2818 505 2879 1236.
529 2816 667 2900 ὄρνιθες]
693 2815 750 2891 Qu.
774 2817 913 2899 ὦρνιθες
935 2822 990 2879 aut
1012 2817 1167 2898 οὕρνιθες.

412 2908 505 2969 1237.
530 2907 577 2976 οἷς
604 2908 719 2970 θυτέον
743 2906 801 2990 -]
840 2905 883 2968 Of.
907 2906 992 2969 Ecol.
1018 2907 1090 2968 080.
1122 2908 1249 2988 τηνδεδί
1277 2931 1333 2989 μοι
1365 2908 1548 2988 κρουστέον.

323 2996 416 3058 1081.
432 2996 506 3058 τάδε
531 2996 566 3058 δέ
589 3020 638 3059 σοι
661 2997 814 3078 ποιητέον.
838 2997 895 3078 Eq.
914 2999 963 3058 72.
986 2996 1080 3058 ποίαν
1097 2996 1174 3058 ὁδόν
1189 2996 1236 3059 νὼ
1253 2997 1367 3078 (inivi)
1382 2997 1548 3077 τρεπτέον,’

321 3090 352 3148 et
375 3084 468 3168 Vesp.
496 3087 589 3147 1514.
612 3084 706 3148 Thno.
730 3085 818 3148 VIII.
842 3087 891 3147 65.
916 3086 962 3154 ὡς
986 3085 1057 3147 οὔτε
1078 3085 1338 3167 μισθοφορηιέον
1361 3086 1406 3166 εἴη
1431 3085 1548 3153 ἄλλους

320 3176 339 3254 li
362 3174 435 3244 τοὺς
467 3175 733 3255 στρατευομένους
761 3174 880 3252 (ἀλλοις
904 3177 922 3255 ἢ
947 3180 1010 3242 τοῖς
1037 3175 1329 3256 στρατευομένοιςῖ)
1359 3178 1415 3236 ete.
1447 3172 1546 3236 Isoor.

185 3283 187 3288 ·
320 3281 348 3343 p.
367 3265 429 3324 298
447 3263 483 3325 D.
508 3264 546 3325 οὐ
569 3268 633 3325 τῶν
657 3263 762 3325 ἀλλων
785 3263 890 3331 αὐτοῖς
913 3263 1053 3344 ἀρκτέον.
1083 3263 1197 3326 Athen.
1213 3261 1304 3325 XIII.
1323 3263 1386 3324 588
1404 3260 1440 3324 D.
1465 3263 1547 3324 ἰτέον

319 3352 403 3432 ῆμῖν,
433 3353 508 3432 ἔφη,
536 3353 744 3432 θεασομένοις
772 3351 828 3432 τὴν
857 3357 997 3431 γυναῖκα.
1040 3350 1087 3414 Do
1116 3351 1236 3433 duplioi
1259 3352 1365 3414 dativo
1389 3350 1426 3414 of.
1450 3350 1545 3432 Soph.

321 3438 396 3502 Oed.
407 3437 442 3500 R.
457 3441 550 3502 1373.
575 3440 622 3502 οἶν
638 3440 709 3521 ἐμοὶ
725 3439 813 3501 δυοῖν
831 3435 833 3524 ]
852 3440 917 3522 ἔργ’
935 3435 995 3502 ἐστὶ
1015 3441 1170 3523 κρείσσον’
1187 3441 1324 3523 ἀγχόνης
1347 3441 1545 3522 εἰργασμένα.

411 3529 504 3590 1240.
530 3529 709 3609 ἀναστρέψη
734 3527 828 3591 libri?
867 3528 951 3612 Lege
975 3529 1169 3611 ἀναστρέψει.
1211 3527 1215 3536 ’

411 3618 504 3678 1241.
529 3616 643 3700 λιγνὺς]
669 3616 727 3692 Qu.
750 3617 855 3699 λιγνάϊ.

412 3707 505 3766 1246.
529 3705 586 3789 ὅτι]
611 3706 693 3769 Fort.
718 3707 792 3788 ὁτιῆ.
832 3706 877 3770 Cf.
901 3706 947 3768 Pl.
974 3708 1045 3769 746.

412 3795 504 3855 1251.
530 3794 574 3858 Of.
600 3797 627 3858 6.
652 3795 761 3858 στάδια
784 3796 871 3859 πλεῖν
895 3799 913 3877 ἢ
938 3797 1045 3877 μυρία.
1071 3798 1164 3858 1305.
1180 3796 1266 3858 πλεῖν
1289 3799 1309 3878 ἢ
1332 3797 1438 3878 μυρία.
1463 3794 1542 3858 Ran.

320 3885 370 3946 90.
395 3883 441 3945 Pl.
461 3884 553 3944 1184.
570 3885 656 3947 πλεῖν
680 3887 699 3966 ῆ
723 3885 812 3965 χίλια.
836 3884 893 3966 Eq.
910 3886 983 3946 444.
1007 3886 1094 3948 πλεῖν
1118 3887 1137 3966 ἢ
1161 3886 1266 3967 χιλίας.
1292 3887 1364 3947 835.
1388 3884 1465 3947 Ran.
1492 3885 1542 3946 18.

318 3973 405 4034 πλεῖν
429 3974 448 4053 ἢ
475 3971 601 4054 ’νιαυτᾳῖ
623 3975 841 4055 πρεσβύτερος.
867 3975 917 4035 01,
942 3975 1033 4036 1129.
1057 3974 1144 4036 πλεῖν
1167 3977 1186 4056 ἢ
1212 3974 1348 4037 δώδεκα.
1373 3974 1451 4037 th.
1469 3974 1542 4034 858.

319 4061 403 4124 Eeol.
428 4061 500 4122 808.
534 4060 605 4141 LyS.
632 4063 703 4123 580.
736 4062 819 4125 Nub.
846 4063 939 4124 1065.
971 4061 1086 4124 Enbul.
1111 4062 1167 4124 HI.
1194 4065 1265 4125 262.
1294 4063 1380 4126 πλεῖν
1408 4065 1427 4145 ἢ
1453 4062 1543 4125 δυοῖν

318 4149 440 4215 ποδοῖν.
464 4148 554 4212 Dem.
575 4169 603 4231 p.
624 4151 693 4212 174.
710 4149 806 4212 πλείω
831 4151 959 4232 (πλεῖνλ)
985 4150 1012 4214 δ’
1036 4154 1056 4232 ἢ
1080 4153 1176 4233 μυρία
1200 4152 1331 4214 τάλαντα
1350 4189 1403 4214 -.
1429 4151 1542 4214 Athen.

319 4236 410 4302 XIII.
427 4239 489 4299 595
508 4239 543 4300 B.
568 4239 631 4300 ἀπὸ
655 4239 809 4301 πλειόνων
832 4240 991 4303 ταλάντων
1015 4243 1034 4322 ῆ
1060 4240 1238 4303 διακοσίων.
1261 4241 1383 4303 Terent.
1406 4240 1542 4321 Adelph.

320 4333 348 4390 2.
376 4329 402 4388 1.
427 4328 478 4387 45.
508 4327 592 4409 ‘plus
617 4329 808 4409 quingentos
832 4329 980 4410 colaphos
1003 4329 1131 4410 infregit
1151 4330 1252 4391 mihi'.
1321 4329 1374 4392 καὶ
1399 4327 1541 4412 δὴ]1ιορ.

318 4417 373 4480 καὶ
394 4417 468 4497 μῆν.
508 4415 552 4478 Of.
576 4416 659 4479 Nub.
686 4417 779 4478 1414.
803 4417 857 4480 καῖ
879 4418 944 4500 μῆν
967 4420 1047 4500 ἔφυν
1071 4419 1238 4500 ἐλεύθερός
1262 4443 1296 4500 γε
1319 4419 1418 4500 κάγώ.

411 4505 504 4564 1255.
529 4503 587 4579 Qu.
610 4507 787 4587 θαυμάζειν
810 4505 848 4568 α’.
