3492 5194
320 404 363 467 58
845 423 1025 469 masmim

407 582 480 644 374.
503 583 741 665 κατασβέσαιμι]
766 580 824 657 Qu.
847 583 954 665 σβέσιν
977 583 1084 666 χέασα.
1124 583 1309 668 Corruptela
1337 589 1406 650 orta
1434 590 1544 650 estex

317 671 461 753 ύφάιμων
484 677 605 735 mutato
628 671 663 734 in
686 672 820 754 ὑφάψω.

409 762 482 824 376.
505 759 590 844 Lege
612 763 652 843 ἣν
675 761 749 843 ἔχω.
788 761 832 825 01.
856 762 896 825 ad
920 760 966 824 Pl.
993 763 1086 824 1089.
1109 770 1155 843 τῷ
1177 762 1248 845 θεῷ
1271 761 1332 844 γὰρ
1355 764 1513 845 βούλομαι
1538 760 1542 850 l

318 850 424 913 ἐλθὼν
456 850 618 913 ἀναθεῖναι
649 849 723 920 τοὺς
754 851 929 933 στεφάνους
960 848 1066 914 τούσδ’
1101 853 1157 920 οὓς
1190 851 1252 930 (ὡς
1279 853 1366 915 solus
1392 851 1441 932 R.)
1469 854 1544 934 ἔχω.

317 937 376 1020 Eq.
392 940 466 1002 488.
490 944 619 1020 πρῶτον
643 938 681 1011 θ’,
715 939 762 1009 ὡς
784 940 863 1022 ἔχω,
895 939 951 1009 τὰς
982 940 1162 1010 κοιλίας-
1183 941 1415 1023 καταθήσομαι.
1439 939 1543 1004 Sotad.

317 1027 374 1090 III.
392 1029 465 1091 585.
490 1029 605 1109 ἔρριψα
637 1027 751 1098 ταύτας
783 1029 833 1091 ἐπὶ
864 1028 918 1092 τὸν
946 1027 1082 1112 ἄνθραχ’
1106 1029 1153 1099 ὡς
1176 1030 1246 1112 ἔχει.
1279 1028 1398 1093 Herod.
1422 1030 1445 1092 Ι.
1472 1031 1544 1094 114.

318 1117 399 1198 ὀργῇ
432 1117 478 1186 ὡς
510 1115 572 1198 εἶχε
605 1118 711 1181 ἐλθὼν
739 1121 795 1181 oto.
829 1117 852 1181 Ι.
880 1118 950 1180 123.
975 1120 1004 1180 4.
1038 1118 1084 1187 ὡς
1116 1118 1151 1182 δὲ
1183 1117 1258 1200 εἶχε,
1292 1119 1376 1182 οὕτω
1410 1119 1545 1202 ἐσέθηκε

317 1206 446 1288 βιβλίον.
471 1206 602 1269 Aristld.
625 1208 649 1271 I.
675 1207 747 1269 553.
781 1207 828 1277 ὡς
851 1206 935 1289 εἶχον
963 1208 1071 1290 εἰσῇξε
1095 1209 1138 1278 εἷς
1159 1207 1195 1270 τὸ
1220 1208 1389 1289 δωμάτιον.
1413 1208 1544 1291 Antiph.

317 1294 374 1357 ΙΠ.
394 1295 465 1356 114.
489 1295 539 1357 ἐπὶ
561 1301 676 1378 κῶμον
694 1335 732 1342 -
750 1298 850 1378 ἴωμεν
874 1296 983 1378 ὥσπερ
1006 1297 1129 1378 ἔχομεν.

409 1403 481 1466 380.
506 1400 564 1477 Qu.
585 1402 651 1466 ἀλλ’
676 1404 736 1466 ούκ
760 1403 801 1465 ἔτ’
825 1403 939 1482 (οὐκέτ’
962 1402 998 1464 Β.
1023 1401 1055 1466 0.
1080 1402 1114 1464 Δ.
1138 1407 1222 1482 elo),
1246 1401 1276 1465 ὦ
1297 1402 1376 1485 μέλ’,
1400 1405 1486 1476 ἕξεις.

409 1492 481 1553 391.
505 1491 608 1573 ἔλεγεν
632 1493 660 1555 δ’
684 1492 740 1576 -]
774 1491 885 1554 Malim
912 1492 997 1573 ἔλεγε
1027 1490 1056 1554 θ’
1084 1529 1140 1553 -.
1232 1489 1291 1566 Qu.
1320 1493 1339 1554 ὁ
1365 1493 1412 1575 μὴ
1441 1492 1545 1574 ὥροσ’

319 1579 432 1662 (σύρας,
457 1581 500 1650 εἰς
515 1581 615 1661 ὥρας)
632 1581 690 1644 ἰὼν
708 1618 763 1643 -.
788 1578 831 1642 01.
844 1581 937 1643 1037.
961 1580 1006 1663 μὴ
1031 1581 1120 1662 ὥρας
1135 1581 1266 1644 ἵκοισθε.
1295 1579 1358 1644 Sed
1374 1581 1490 1644 Lucan.
1509 1580 1545 1644 D.

318 1670 443 1734 Moretr.
462 1670 511 1732 10.
534 1670 579 1752 μὴ
597 1671 718 1753 ὥρασιν
734 1670 868 1752 ἱκοίμην.
908 1669 988 1732 Cum
1013 1670 1116 1751 ὥρασι
1149 1669 1259 1733 confer
1280 1670 1407 1751 θύρασι,
1424 1669 1544 1754 Ὀλυμ-

317 1758 414 1821 πίασι.
438 1757 487 1822 Do
503 1758 591 1821 hiatu
600 1760 637 1821 of.
648 1758 795 1842 Apollod.
806 1777 886 1821 oom.
896 1757 951 1820 IV.
963 1760 1037 1821 442.
1053 1758 1117 1841 πρὸ
1132 1759 1263 1841 ἡμέρας.
1278 1758 1394 1843 Diphil.
1404 1758 1459 1822 IV.
1472 1761 1545 1822 385.

408 1866 480 1928 393.
506 1866 578 1928 396.
602 1865 708 1949 φησίν]
732 1865 815 1929 Fort.
840 1863 923 1947 ᾇθεν.

408 1956 481 2017 394.
505 1953 578 2036 Leg.
602 1955 658 2036 ἡπὶ
680 1962 736 2018 τοῦ
759 1956 868 2036 τέγους
884 1955 971 2037 γυνή.
1010 1954 1166 2036 Alioquin
1190 1955 1240 2018 ἐπὶ
1263 1961 1318 2018 τοῦ
1339 1956 1448 2037 τέγους
1471 1976 1545 2018 oum

319 2043 414 2126 φησὶν
437 2044 688 2107 construendum
711 2044 780 2109 orit.
1303 2067 1305 2071 ·

408 2134 481 2196 395.
506 2131 564 2208 Qu.
588 2135 608 2215 ἡ
634 2133 676 2196 ’πὶ
699 2140 754 2197 τοῦ
778 2134 887 2214 τέγους
911 2133 997 2216 γυνή.
1040 2132 1085 2196 01.
1102 2132 1196 2217 Vesp.
1216 2133 1309 2196 1293.
1333 2140 1389 2197 τοῦ
1414 2133 1457 2196 ’πὶ
1479 2140 1546 2204 ταῖς

320 2223 470 2304 πλευραῖς
492 2224 623 2304 τέγους..

409 2313 480 2374 398.
509 2312 624 2374 τοιαῦτ’
653 2311 708 2374 ἀπ’
736 2313 842 2375 αὐτῶν
866 2310 920 2394 -]
949 2311 1031 2375 Fort.
1060 2311 1186 2374 τοιαῦτά
1215 2311 1243 2393 γ’
1272 2313 1378 2375 αὐτῶν
1407 2349 1462 2384 -,
1494 2312 1544 2376 vel

318 2407 443 2463 τοιαῦτα
466 2402 587 2464 τούτων
611 2439 667 2461 -.

408 2483 482 2570 4111.
506 2506 617 2569 Malim
640 2509 678 2570 at
696 2508 724 2589 γ’
748 2507 825 2570 σπι
848 2505 883 2569 ιν
909 2544 964 2567 -.

332 2665 336 2670 ,
408 2597 481 2659 402.
505 2596 748 2680 ἐνεουρηκότας]
774 2594 832 2671 Qu.
856 2596 1068 2677 ένεουρηκόσι.

408 2686 482 2748 415.
506 2685 559 2748 καὶ
581 2684 669 2769 πέος]
694 2685 777 2748 Fort'.
800 2684 836 2748 τὸ
859 2687 943 2754 πέος.

408 2775 481 2838 420.
506 2775 676 2858 ἀπήντηκ’]
702 2773 760 2850 011.
784 2773 970 2857 ἀποβέβηκ’.

407 2865 481 2928 421.
507 2864 550 2927 01.
571 2862 767 2927 1111111211.
792 2864 843 2927 ὅτε
865 2869 929 2926 τῶν
952 2865 1091 2945 ἐμαυτοῦ
1115 2865 1144 2945 γ’
1168 2865 1259 2927 ἕνεκα
1276 2869 1334 2927 eto.
1358 2864 1430 2927 Pao.
1450 2865 1544 2927 1251.

319 2954 363 3016 ὅτ’
387 2954 552 3017 ἀντέδωκά
576 2953 604 3035 γ’
629 2960 685 3017 eto.
709 2952 782 3036 LyS.
807 2954 880 3015 421.
909 2954 960 3016 ὅτε
988 2952 1016 3035 γ’
1045 2955 1092 3015 ὢν
1121 2953 1181 3033 (ὅτ’
1206 2955 1254 3016 ὤν
1277 2952 1343 3033 γῬ)
1372 2953 1436 3034 ἐγὼ
1465 2953 1544 3035 πρό-

317 3044 434 3125 βουλος
463 3050 520 3107 eto
559 3042 676 3107 Herod.
701 3042 739 3104 V.
765 3044 815 3105 92.
841 3045 869 3104 2.
903 3043 953 3105 ὅτε
989 3067 1023 3123 γε
1057 3043 1146 3124 ὑμεῖς
1178 3080 1220 3088 -
1253 3042 1545 3124 παρασκευάζεσθε.

362 3131 544 3215 ἐκπορίσας]
568 3131 650 3195 Fort.
675 3133 847 3213 έκπορίσας
870 3132 914 3193 θ’.

408 3223 481 3282 427.
507 3221 601 3284 οὐδὲν
624 3227 727 3284 ποιῶν
751 3220 817 3282 ἀλλ’
842 3219 938 3302 ἢ-]
977 3220 1021 3283 01.
1040 3219 1123 3283 Xon.
1141 3221 1229 3282 Veot.
1247 3221 1276 3301 3,
1294 3220 1322 3281 6.
1347 3219 1423 3283 οὐδὲ
1444 3241 1548 3300 προσ-’

320 3310 498 3392 δαπανῆσαι
523 3311 572 3373 δεῖ
593 3310 687 3373 οὐδὲν
710 3308 777 3371 ἀλλ’
801 3311 821 3390 ἢ
844 3310 1034 3391 ψηφίσματα
1059 3309 1282 3391 φιλάνθρωπα.

408 3419 481 3479 436.
506 3416 588 3479 Male
612 3422 684 3499 post
705 3415 866 3496 προσοίσει
888 3416 1086 3498 interpungit
1109 3416 1204 3480 Mein.

408 3506 482 3568 440.
506 3503 716 3587 πατούμενος]
746 3502 804 3580 Qu.
828 3505 1050 3587 πεκτούμενος.
1091 3505 1134 3567 01.
1160 3506 1232 3567 685.
1261 3505 1387 3586 ποιήσαι
1412 3541 1453 3549 —-
1478 3505 1545 3586 βω-

319 3601 419 3678 στρεῖν
451 3595 479 3658 α’
513 3595 577 3676 ἐγὼ
611 3594 834 3676 πεκτούμενον.
883 3591 945 3656 Sed
968 3592 1025 3675 laq.
1051 3595 1101 3656 69.
1135 3595 1163 3656 εἰ
1194 3594 1228 3656 δὲ
1260 3593 1321 3676 μὴ,
1353 3594 1547 3675 πατούμενοι

319 3686 448 3767 (πεκτῖ)
470 3683 473 3768 ]
494 3684 558 3748 ὑπὸ
586 3690 641 3747 τοῦ
666 3686 813 3766 γέροντος
836 3683 1029 3746 ὀκταπλάσια
1058 3684 1200 3765 χέζομεν.
1239 3683 1310 3745 166.
1343 3681 1426 3746 Nub.
1452 3683 1546 3744 1359.

318 3781 400 3856 χρῆν
424 3798 458 3837 σε
480 3775 652 3837 τύπτεσθαί
672 3798 703 3836 τε
726 3773 780 3836 καὶ
802 3773 975 3835 πατεῖσθαι.

408 3865 481 3926 448.
510 3862 784 3945 στενοκωκύτους]
817 3861 898 3925 Mire
925 3863 1097 3925 formatum
1126 3861 1310 3945 epithetum,
1340 3880 1414 3923 nam
1442 3863 1548 3923 cetera

319 3953 456 4035 epitheta
480 3954 525 4016 sio
548 3952 732 4016 inchoantia
755 3971 773 4013 a
797 3950 915 4023 στενὸς,
938 3970 1003 4014 non
1029 3971 1048 4012 a
1071 3951 1183 4023 στένω,
1207 3950 1341 4013 formata
1364 3954 1446 4012 sunt.

408 4061 481 4122 450.
506 4059 584 4141 ἀτὰρ
608 4061 646 4123 οὐ
671 4057 842 4141 γυναικῶν]
867 4057 977 4120 Malim
1001 4077 1073 4121 oum
1098 4055 1249 4121 Elmsleio
1273 4056 1352 4137 ἀτὰρ
1376 4057 1415 4118 οὗ
1439 4079 1546 4137 γυναι-

319 4154 388 4211 κῶν
404 4149 441 4230 γ’.
481 4149 524 4212 01.
541 4149 635 4232 Vosp.
655 4148 727 4210 147.
766 4144 864 4228 Saepe
880 4149 965 4209 enim
982 4152 1153 4209 occurrunt
1167 4146 1339 4230 particulae
1356 4145 1487 4227 ἀτὰρ-
1504 4169 1547 4226 γε.

408 4239 481 4300 451.
506 4236 534 4300 α’)
558 4236 698 4320 Σκύθαι]
724 4235 795 4299 Non
821 4235 973 4299 debebam
999 4238 1030 4298 οῖ
1043 4236 1174 4299 Σκύθαι
1197 4255 1254 4319 pro
1278 4233 1452 4298 ὥΣκύθαι
1475 4254 1548 4317 pro-

223 4373 225 4379 .
318 4346 445 4410 ponoro.
486 4327 530 4390 01.
556 4328 595 4390 ad
619 4326 665 4388 Pl.
693 4325 786 4387 1100.

408 4416 481 4479 460.
510 4417 549 4479 ού
577 4412 802 4498 λοιδορήσετ’,’]
832 4414 892 4476 ούκ
916 4414 1147 4496 ὀρχιτομήσετ’,Ι
1176 4412 1273 4477 Kook.
1298 4413 1398 4475 VeriS.
1422 4433 1451 4495 p.
1474 4413 1547 4475 262.

319 4502 409 4570 Latet
431 4505 515 4569 haud
540 4504 637 4570 dubio
660 4502 821 4568 mondum.
