3492 5194
719 459 932 502 renrrrrrsrs
1398 441 1434 502 11

305 618 398 681 1096.
423 617 467 684 Of.
491 617 651 682 Ρ1101.52.
675 617 953 699 συσκευασάμενος
976 618 1104 682 δεῖπνον
1127 619 1170 688 εἰς
1192 616 1227 680 τὸ
1250 613 1437 703 σπυρίδιονλ

168 778 171 783 ,
213 707 426 791 έβάδιζεννῶς
448 707 530 790 πρὸς
548 705 687 789 Ὠφέλην
711 705 941 788 (Ὠφελίωναθ).
970 707 1098 771 Anaxil.
1123 707 1173 769 29.
1198 707 1344 780 σκεύαζε,
1372 713 1438 781 παῖ,

212 798 388 879 τούφόριον
404 797 487 879 ἡμῖν.
511 797 589 860 Plat.
606 795 850 860 111000617511.
870 797 1157 878 στρωματόδεσμον
1172 796 1217 878 μῆ
1234 797 1439 877 ἐπιστάμενος

213 887 479 950 συσκευάσασθαι.
504 886 618 950 Athen.
635 884 724 948 VIII.
742 885 805 947 365
824 887 861 948 Α.
886 892 978 949 τοῦτο
1003 885 1037 950 δὲ
1061 890 1176 966 σαφῶς
1204 885 1297 968 δηλοῖ
1314 884 1350 948 τδ
1374 885 1438 948 ἀπὸ

213 977 365 1057 σπυρίδος
389 976 524 1048 δεῖπνον,
548 976 623 1038 ὅταν
645 998 689 1044 τις
712 973 806 1044 αὐτὸς
821 977 909 1056 αύτῷ
930 976 1086 1044 σκευάσας
1103 975 1229 1037 δεῖπνον
1244 975 1297 1037 καὶ
1313 975 1439 1045 συνθείς

213 1066 256 1134 εἰς
288 1065 424 1146 σπυρίδα
456 1065 544 1145 παρά
575 1087 641 1126 τινα
676 1064 854 1146 δειπνήσων
886 1065 926 1147 ίη.
976 1063 1097 1128 Latinis
1131 1064 1285 1147 ‘sportula
1317 1062 1437 1128 eoena’.

213 1152 295 1236 Lege
318 1154 473 1234 σύγκλειε,
497 1160 566 1225 παῖ,
592 1153 718 1216 δεῖπνόν
740 1177 772 1216 τε
795 1154 970 1227 συσκεύαζέ
991 1177 1054 1234 μοι.

305 1244 397 1306 1111.
422 1242 864 1325 80115000001τριχοβρῶτες
888 1243 954 1321 (sic)
978 1243 1085 1325 potius
1109 1262 1204 1324 quam
1220 1241 1437 1325 τριχόβρωτες.

304 1333 397 1396 1130.
423 1331 467 1396 Of.
488 1329 647 1416 80111181.
666 1332 737 1395 155.
762 1332 808 1401 ῶς
831 1332 849 1394 6
872 1331 1017 1413 Σίσυφος
1039 1330 1139 1400 πολύς
1159 1331 1163 1414 l
1184 1331 1316 1414 ἔνδηλος
1339 1331 1436 1412 (1⁶6-

216 1421 320 1501 δλος)
344 1423 378 1485 ἔν
401 1445 458 1485 σοι.

235 1445 254 1504 η
304 1512 396 1574 1137.
420 1510 455 1574 τὸ
481 1510 618 1594 δεῖπνον]
642 1508 696 1573 τὸν
721 1511 823 1574 δεῖνον
847 1511 955 1590 (δῖνον)
979 1508 1085 1572 Herw.
1109 1509 1232 1572 Muller.
1255 1509 1295 1594 {16
1317 1511 1437 1573 τυλεῖον

153 1608 155 1610 ’
211 1600 242 1662 Τ.
267 1597 476 1664 Halbertsma.
516 1599 561 1663 Of.
585 1599 676 1662 Pind.
701 1600 735 1663 P.
759 1599 818 1663 IX.
845 1600 894 1661 19.
919 1599 1055 1663 δείπνων
1078 1599 1202 1678 (δείνων
1225 1599 1358 1681 Bergk).

303 1690 397 1754 1146.
422 1689 465 1753 Of.
490 1689 547 1771 Fq.
574 1689 646 1755 546.
679 1689 802 1771 αἴρεσθ’
835 1690 924 1770 αὐτῷ
954 1687 1035 1751 πολύ
1068 1688 1103 1752 τὸ
1136 1687 1250 1770 ῥόθιον
1273 1694 1330 1752 ete.
1353 1688 1436 1752 Nub.

213 1781 285 1843 416.
308 1780 387 1862 μήτε
410 1778 509 1860 ῥιγῶν
532 1779 624 1860 ἄχθει
652 1778 720 1840 λίαν
746 1777 819 1860 μήτ’
848 1779 975 1859 ἀριστᾶν
1004 1778 1176 1858 ἐπιθυμεῖς.
1206 1777 1278 1839 647.
1306 1777 1384 1859 ταχύ
1409 1778 1436 1859 γ’

212 1871 250 1932 ἃν
275 1869 385 1932 δύναιο
408 1868 583 1949 μανθάνειν
606 1867 677 1949 περὶ
701 1868 848 1949 ῥυθμῶν.
874 1867 966 1949 Vesp.
985 1868 1057 1929 982.
1081 1868 1114 1936 ἐς
1133 1866 1289 1948 κόρακας·
1314 1867 1360 1936 ῶς
1377 1867 1436 1929 οὐκ

212 1957 336 2040 ἀγαθόν
369 1958 430 2021 ἐστι
462 1956 497 2020 τὸ
530 1959 648 2039 ῥοφεῖν.
681 1956 774 2018 1066.
803 1956 881 2019 ἀλλὰ
909 1956 972 2018 κάκ
995 1961 1059 2018 τῶν
1083 1957 1243 2036 λειψάνων
1268 1956 1316 2018 δεῖ
1335 1956 1437 2018 τῶνδε

177 2124 179 2127 ,
212 2049 334 2130 ῥώμην.
361 2048 454 2109 1487.
486 2045 625 2126 πλευράν
661 2045 841 2126 λυγίσαντος
877 2045 941 2108 ύπὸ
969 2045 1081 2126 ῥύμης.
1108 2046 1201 2107 1525.
1226 2045 1436 2108 ἐκλακτισάτω

211 2161 266 2210 τις,
290 2138 340 2200 ίνᾶ
361 2135 364 2218 λ
386 2136 547 2218 ῥίπτοντος
571 2136 639 2199 δίνω
655 2135 766 2204 σκέλος
784 2136 911 2207 ὤζωσιν
926 2139 983 2197 ete.
1007 2132 1079 2196 Pae.
1097 2135 1169 2196 699.
1193 2134 1329 2213 κέρδους
1352 2135 1436 2196 ἕκατι

211 2228 271 2289 κᾶν
294 2225 345 2290 ἐπὶ
368 2223 460 2307 ῥιπὸς
482 2225 578 2288 πλέοι.
602 2224 769 2287 11011495.
796 2223 889 2286 1066.
914 2213 992 2285 ἀλλά
1014 2223 1136 2304 ῥακίοις
1152 2228 1209 2286 ete.
1233 2221 1279 2284 Pl.
1302 2223 1351 2284 51.
1376 2223 1435 2286 ούκ

211 2315 280 2378 ἔσθ’
305 2315 395 2384 ὅπως
419 2314 437 2377 6
460 2313 605 2396 χρησμὸς
640 2315 682 2383 εἰς
713 2318 805 2376 τοῦτο
833 2312 928 2393 ῥέπει.
964 2312 1057 2374 1065.
1091 2313 1164 2394 ὄφει
1191 2311 1352 2392 κατάδηλα
1380 2317 1435 2374 τοῦ
1483 2373 1485 2377 ,

211 2405 388 2486 προσώπου
412 2402 449 2465 τά
473 2403 566 2484 ῥάκη.
591 2402 792 2484 8111001306.
816 2402 1004 2484 Theopomp.
1026 2402 1077 2462 43.
1100 2401 1221 2464 τούτων
1245 2401 1394 2465 ἁπάντων
1418 2402 1436 2464 6

211 2493 360 2576 ῥαχιστής
383 2491 559 2575 Δημοφῶν.
583 2491 662 2554 Plat.
681 2492 753 2554 138.
776 2491 868 2556 Pher.
888 2491 959 2573 108,
977 2492 1027 2553 29.
1051 2490 1160 2555 Herm.
1178 2490 1228 2552 82.
1253 2489 1344 2554 Pher.
1364 2492 1435 2553 152.

212 2581 290 2645 Plat.
304 2582 375 2644 111.
391 2581 500 2644 Herm.
513 2581 563 2643 36.
581 2579 734 2645 Crate1.4.
751 2581 880 2663 Antiph.
896 2582 967 2643 124.
979 2581 1052 2642 231.
1069 2579 1176 2662 Eriph.
1188 2580 1216 2641 2.
1240 2579 1372 2662 Ephipp.
1385 2581 1435 2642 24.

211 2671 376 2735 Nieoehar.
401 2669 448 2733 Fr.
475 2671 574 2752 15,1.
600 2671 642 2740 είς
665 2671 776 2751 αύριον
800 2670 829 2732 δ’
853 2669 919 2732 ἀντὶ
942 2672 989 2749 (ῑ)
1012 2671 1169 2751 ῥαφάνων
1192 2669 1355 2751 ἐφήσαμεν
1379 2675 1435 2732 eto.

211 2757 304 2844 Diph.
322 2760 394 2823 874.
412 2760 507 2842 ῥόδα,
531 2760 723 2841 ῥαφανίδας,
739 2759 1004 2841 θερμοκυάμους,
1021 2758 1190 2841 στέμφυλα.
1217 2757 1299 2820 Men.
1317 2758 1388 2838 142,
1407 2760 1435 2820 3.

211 2850 286 2932 αὕτη
305 2850 476 2932 συνύφαινε
487 2853 552 2929 (-εν
567 2849 662 2932 vulg.)
679 2849 834 2930 ῥυπαρῶς
850 2848 1038 2930 διακειμένη.
1057 2849 1129 2928 716,
1142 2848 1169 2908 2.
1182 2848 1327 2929 ἄκαρπος
1345 2844 1436 2917 οὗτός

211 2937 271 3002 ἕατ’
295 2937 360 3001 ἀπὸ
388 2939 476 3021 ῥίζης
498 2937 625 3008 κλάδος.
659 2937 745 3001 Com.
770 2937 874 3020 adesp.
900 2938 972 3000 400.
996 2937 1062 2999 ἀντὶ
1085 2937 1263 3018 ῥαφανῖδος
1286 2936 1435 3018 ὀξυθύμι’

210 3029 352 3109 εἰσορῶν.
377 3025 598 3090 1100011.Εο111.
618 3027 689 3089 190.
712 3025 776 3088 ύπό
797 3027 888 3108 ῥάχιν
911 3027 1067 3106 παγέντες.
1092 3026 1165 3087 232.
1189 3025 1253 3106 ε’γῶ
1278 3025 1307 3087 δ’
1323 3025 1434 3106 ἀρήξω

209 3116 263 3179 τὸν
286 3118 390 3199 ἱκέτην
411 3139 443 3179 τε
466 3117 612 3198 ῥύσομαι.
639 3115 710 3178 781.
735 3116 890 3190 στενάζω,’
912 3115 941 3176 τί
962 3115 1062 3197 ῥέξω,·
1086 3111 1177 3196 Soph.
1201 3111 1250 3176 Fr.
1276 3114 1326 3174 21.
1355 3114 1434 3176 κατά

210 3206 302 3288 ῥάχιν
328 3202 331 3291 ή
357 3206 472 3288 ήλαυνε
487 3206 599 3268 παίων.
624 3205 818 3268 Ρ10111.713.
842 3204 1040 3287 χρίμπτουσα
1057 3204 1217 3285 ῥαχίαισιν.
1243 3203 1315 3264 932.
1336 3203 1435 3266 τοιάδ’

211 3295 367 3376 ἐκρίπτων
387 3295 502 3374 (τοιάδε
517 3295 637 3376 ῥίπτων
653 3293 772 3374 Elmsl.)
796 3295 866 3377 ἔπη.
883 3294 956 3355 992.
979 3292 1061 3376 πρὸς
1081 3299 1176 3356 ταῦτα
1192 3293 1353 3374 ῥιπτέσθω
1376 3293 1435 3375 μὲν

210 3384 407 3448 αἰθαλοῦσσα
431 3384 520 3466 φλόξ.
548 3383 641 3447 1023.
663 3384 865 3466 διαρταμήσει
881 3384 1029 3465 σώματος
1043 3383 1126 3465 μέγα
1151 3382 1258 3465 ῥάκος.
1283 3381 1366 3464 Sept.
1385 3385 1435 3445 92.

209 3473 253 3543 τίς
268 3474 330 3554 ἄρα
347 3474 398 3553 (ἄ)
414 3473 539 3554 ῥύσεται
555 3496 614 3548 -,·
639 3473 711 3536 105.
734 3473 763 3535 τί
777 3474 823 3554 (ί)
840 3473 954 3555 ῥέξεις,
974 3474 1034 3554 Ag.
1045 3472 1118 3535 407.
1135 3472 1253 3553 βέβακε
1269 3471 1300 3552 (ἒ
1332 3472 1434 3554 ῥίμφα

211 3561 261 3624 διὰ
294 3562 404 3625 πυλᾶν.
438 3559 530 3644 Soph.
556 3560 631 3625 Oed.
655 3562 691 3625 R.
717 3562 811 3624 1146.
843 3561 925 3624 τοῦτ’
949 3561 1029 3625 ἐστίν
1056 3561 1118 3643 ήδη
1147 3562 1282 3642 τοῦργον
1309 3561 1352 3630 εἰς
1379 3561 1435 3642 ἐμὲ

210 3651 316 3731 ῥέπον.
342 3650 435 3734 Soph.
459 3651 508 3714 Fr.
535 3651 583 3714 19.
607 3651 722 3733 κέστρᾳ
746 3651 861 3733 σιδηρᾷ
882 3649 1003 3732 πλευρὰ
1027 3650 1081 3713 καὶ
1100 3649 1179 3712 κατὰ
1197 3650 1288 3732 ῥάχιν
1304 3654 1361 3713 ete.
1385 3649 1434 3711 Fr.

210 3741 284 3820 499,
300 3741 329 3802 4.
353 3741 476 3810 λεπταῖς
499 3739 549 3802 ε’πί
572 3740 719 3822 ῥοπαῖσιν
742 3739 772 3818 (l.
789 3739 900 3822 λεπτῆς
924 3739 973 3803 ε’πὶ
997 3741 1099 3822 ῥοπῆς
1123 3737 1194 3820 γάρ)
1216 3737 1357 3820 ἕμπολὰς
1371 3762 1433 3820 μα-

209 3827 290 3910 κράς
306 3834 363 3893 ete.
380 3828 557 3911 1“1.873,1.
580 3829 708 3902 ἐδέξατο
733 3829 861 3911 ῥαγεῖσο
889 3825 1013 3910 Θηβαία
1038 3828 1133 3898 κόνις.
1156 3827 1232 3890 Fur.
1248 3827 1344 3911 Hipp.
1361 3829 1434 3890 459.

210 3917 247 3981 σὺ
273 3917 301 3980 δ’
325 3919 386 3982 ούκ
410 3918 527 3994 άνέξει,·
550 3924 631 4001 χρῆν
654 3917 683 3980 α’
699 3917 749 3981 έπί
773 3919 878 3999 ῥητοῖς
893 3917 956 3999 ἄρα
972 3918 1034 3980 κτλ.
1058 3915 1106 3979 Fl.
1125 3917 1196 3980 772.
1220 3917 1305 3997 ποίῳ
1324 3916 1434 3998 τρόπῳ

210 4005 245 4069 δὲ
268 4006 322 4069 καὶ
344 4008 399 4070 τίνι
423 4008 544 4090 ῥυθμῷ
566 4007 670 4089 φόνου
692 4007 695 4087 1
716 4007 825 4070 κτείνει
848 4010 905 4070 ete.
933 4004 1003 4070 Hel.
1022 4007 1116 4068 1090.
1138 4006 1238 4088 μέγας
1262 4005 1322 4087 γὰρ
1346 4006 1434 4087 ἁγῶν

208 4095 263 4158 καὶ
294 4095 403 4177 βλέπω
437 4096 496 4158 δύο
528 4097 639 4178 ῥοπάς.
672 4096 739 4180 Iph.
762 4095 794 4158 T.
820 4097 892 4158 253.
925 4096 1037 4178 ἄκραις
1069 4095 1119 4158 ε’πί
1146 4095 1292 4177 ῥηγμῖσιν
1320 4095 1433 4168 ἀξένου

208 4184 322 4266 πόρου.
346 4183 421 4247 Eur.
438 4184 487 4247 Fr.
505 4186 578 4266 362,
597 4185 646 4248 15.
670 4185 717 4254 ῶς
739 4185 827 4248 θεῶν
850 4209 882 4248 τε
903 4183 1038 4268 βωμοὺς
1055 4185 1189 4267 πατρίδα
1213 4208 1244 4247 τε
1268 4184 1433 4266 ῥυῶμεθα.

209 4271 258 4336 Fr.
280 4275 352 4337 397.
376 4274 456 4337 θεοῦ
480 4274 629 4344 θέλοντος
652 4276 713 4337 κᾶν
736 4273 786 4337 ἐπὶ
809 4272 902 4357 ῥιπὸς
925 4274 1038 4344 πλέοις.
1061 4272 1111 4336 Fr.
1129 4275 1201 4337 384.
1226 4273 1380 4355 ὀμμάτων
1405 4274 1433 4336 δ’

208 4363 273 4426 άπο
300 4359 303 4448 ή
328 4364 504 4446 αῖμοσταγῆ
526 4370 687 4445 πρηστῆρε
714 4363 878 4445 ῥεύσονται
903 4364 999 4426 κάτω.
1027 4363 1120 4426 Rhes.
1146 4363 1195 4425 73.
1229 4362 1433 4426 Chaeremon.

212 4451 262 4532 14,
279 4453 307 4514 9.
331 4453 351 4533 ῆ
377 4451 411 4514 δὲ
440 4452 600 4534 ῥαγέντων
627 4452 795 4534 χλανιδίων
822 4451 886 4516 ὑπὸ
914 4452 1033 4534 πτύχας
1054 4451 1057 4536 ή
1078 4453 1192 4534 ἔφαινε·
1208 4451 1322 4534 μηρόν.
1345 4451 1433 4534 Trag.

210 4539 314 4624 adesp.
339 4541 412 4604 201.
428 4541 537 4604 πόντια
555 4542 638 4624 ῥάκη
663 4541 884 4621 (0101700010).
914 4542 986 4604 325.
1013 4541 1049 4611 ὅς
1071 4539 1112 4623 με
1135 4541 1218 4624 ῥάκη
1242 4539 1268 4602 τ’
1291 4541 1434 4623 ῆμπέσχε
