3492 5200
672 453 913 500 nccnrsmnussu
1341 439 1407 502 103

268 612 340 676 603.
364 613 418 676 καλ
440 613 485 697 μή
514 614 663 684 καταὺεὶς
688 651 728 660 -
753 613 823 678 ΒΛ.
847 616 1063 699 ψευδορκήσει
1086 614 1182 680 Mein.
1205 616 1285 681 Vels.
1332 617 1406 681 Non

177 702 341 766 assentior.
415 702 465 766 διὰ
489 703 592 787 τοῦτο]
616 704 698 768 Fert
723 703 775 766 διὰ
798 705 919 768 τούτου.

269 791 341 854 605.
365 790 504 875 χλαίνας]
528 793 635 862 κωλᾶς
658 791 864 856 Herwerden.
910 793 980 857 “Ita
1006 795 1122 876 integri
1145 795 1287 860 ecnvivii
1310 795 1406 859 habe·

178 899 251 943 mus
275 879 527 964 descriptionem.
567 880 708 952 Χλαίνας
730 901 796 945 non
819 887 927 948 tuetur
949 883 1043 968 Vesp
1070 885 1133 946 676
1150 883 1217 965 sq.”

267 967 340 1032 609.
364 969 468 1052 Πραξ.
493 970 588 1052 praei.
612 969 649 1032 N.
675 991 735 1033 cm.
756 971 791 1034 B.
808 969 844 1034 R.
868 971 904 1034 Γ.
927 971 1001 1034 AN.
1017 971 1056 1036 A.
1072 972 1201 1038 Velsen.
1271 973 1403 1056 διεχρώ-

176 1056 280 1142 μεθα]
305 1057 345 1121 ἔτ’
364 1057 532 1210 ἐχρώμεδ
556 1058 652 1123 Mein.
669 1060 754 1123 Veis.
793 1059 938 1125 Fortasse
961 1065 1055 1126 recte.
1110 1062 1289 1144 προτέροισι
1312 1061 1350 1126 Ν.
1367 1061 1404 1126 R.

176 1171 341 1229 προτεροις
393 1198 399 1210 .

267 1237 339 1298 610.
364 1238 400 1301 ἐκ
423 1236 545 1320 κοινοῦ]
569 1237 724 1302 Desidere
748 1239 918 1302 articulum
941 1238 1026 1310 utin
1043 1240 1116 1302 208.
1150 1237 1208 1316 Qu.
1225 1240 1261 1304 ἐκ
1276 1245 1404 1305 κοινῶν.

267 1325 340 1388 614.
364 1326 629 1407 ξυγκατακεῖσὺαι
652 1327 690 1390 Ν.
714 1325 751 1392 R.
780 1327 1053 1410 ξυγκαταδαρθεῖν
1075 1327 1112 1394 Β.
1135 1327 1171 1395 Γ.

268 1414 340 1477 617.
365 1413 423 1490 Qu.
447 1414 529 1498 πρὸς
551 1415 625 1485 τοὺς
648 1415 683 1479 δὲ
707 1453 763 1476 -.

267 1503 339 1566 622.
362 1504 504 1586 περὶτοῦ
521 1506 793 1587 ξυγκαταδαρθεῖν
811 1504 937 1570 Velsen.
1009 1505 1063 1568 καὶ
1079 1505 1128 1570 σοὶ
1143 1511 1285 1576 τοιοῦτον
1299 1507 1402 1590 ὑπάρ-

176 1592 242 1678 χει]
266 1590 323 1670 Qu.
347 1593 400 1658 καὶ
423 1593 472 1660 cot
494 1593 555 1678 μλν
576 1593 675 1658 τοιάδ’
698 1595 841 1678 ὑπάρχει.
882 1605 884 1610 ’
914 1594 1065 1679 ὑπάρχει]
1088 1595 1221 1678 ὑπάρξει
1244 1595 1282 1659 Ν.
1328 1595 1404 1666 For-

176 1687 260 1749 tasse
282 1690 376 1747 recte.

267 1772 339 1836 627.
363 1771 427 1836 ἀπὸ
459 1778 516 1836 τοὺ
550 1773 678 1837 δείπνου
710 1772 764 1836 καλ
795 1773 965 1856 τηρήσουσ’
998 1773 1048 1841 ἐπὶ
1072 1772 1132 1856 -]
1169 1771 1305 1842 Dicebat
1338 1773 1403 1840 ἀπὸ

177 1861 314 1934 δείπνου,
347 1861 398 1926 ἐπὶ
430 1861 565 1935 δεῖπνον,
598 1864 632 1925 ἓν
665 1863 796 1946 δείπνῳ,
821 1868 878 1928 ete.
912 1882 976 1926 nen
1005 1861 1070 1929 ἀπὸ
1098 1869 1154 1927 τοὺ
1179 1863 1321 1938 δείπνου,
1346 1870 1402 1932 eto.

175 1947 214 2012 V.
240 1950 312 2016 694.
335 1950 431 2034 Vesp.
457 1951 551 2014 1461.
575 1951 648 2014 Pac.
673 1953 745 2015 830.
791 1951 914 2019 Idcirco
939 1951 1013 2017 vide
1040 1971 1082 2016 an
1111 1953 1334 2034 corrigendum
1363 1955 1404 2028 sit

175 2038 240 2104 ἀπὸ
265 2035 392 2104 δείπνου
416 2039 469 2104 καλ
492 2041 682 2124 τηρήσουσιν
704 2040 786 2122 πρὸς
810 2078 866 2102 -.

266 2129 339 2195 628.
363 2129 586 2212 ἐφεδρεύοντες
609 2135 665 2195 aut
687 2129 773 2194 aliud
796 2129 899 2194 simile
919 2129 1122 2213 participium
1139 2130 1297 2194 excidisse
1321 2130 1403 2199 arbi-

175 2223 276 2282 tratur
291 2218 418 2282 Velsen.
452 2219 511 2296 Qu.
534 2224 611 2282 τοῖσι
633 2219 742 2289 καλοῖς
765 2219 826 2300 (vel
842 2218 896 2282 καὶ
910 2224 975 2288 τοῖς
988 2219 1161 2302 μεγάλοις).
1194 2219 1300 2284 Facile
1316 2220 1402 2294 enim

176 2308 325 2372 excidere
348 2309 451 2392 potuit
473 2314 537 2378 τοῖς
559 2307 708 2393 μεγάλοις
730 2313 801 2391 pest
823 2314 900 2374 τοῖσι
923 2308 1039 2377 καλοῖς.

266 2398 338 2460 629.
361 2397 504 2482 μικροῖς]
528 2403 631 2479 σιμοῖς
653 2395 792 2480 lennep.
816 2396 901 2460 Vels.
940 2397 1044 2462 Recte.
1084 2396 1129 2462 Of.
1155 2397 1227 2460 765.
1255 2403 1318 2469 τοῖς
1341 2396 1402 2482 γὰρ

176 2491 278 2568 σιμοῖς
301 2485 355 2549 καλ
378 2492 441 2556 τοῖς
456 2488 604 2569 αἰσχροῖς.
630 2487 702 2550 946.
748 2485 797 2550 Ita
817 2492 888 2570 apte
903 2488 1047 2570 sequitur
1062 2507 1091 2550 V.
1110 2487 1181 2550 930.
1211 2486 1255 2551 Cf.
1272 2487 1312 2552 ad
1329 2488 1401 2551 752.

265 2575 338 2638 633.
361 2574 527 2659 πρότερος]
547 2576 695 2658 προτέρῳ
710 2575 819 2642 Faber.
837 2575 963 2640 Velsen.
1002 2575 1106 2640 Recte.
1175 2576 1288 2659 ἐμβάδ’
1305 2577 1401 2660 ἔχων]

171 2663 356 2747 Ἐμβαδίων
379 2663 417 2730 D.
441 2665 595 2728 Heinsius
619 2664 744 2730 Velsen.
785 2664 854 2742 Quo
887 2666 1018 2730 fortasse
1046 2665 1177 2752 respicit
1208 2665 1400 2748 Hesychius,

170 2751 346 2837 Ἐμβάδιον
361 2753 600 2836 (Ἐμβαδίτυνῖῖ
624 2755 726 2827 παίζει
742 2754 792 2818 ἐπὶ
806 2755 929 2824 τούτου.
944 2754 1063 2818 Pcllux
1077 2753 1149 2820 VH.
1165 2756 1216 2816 85.
1229 2754 1400 2838 Ἐμβάδες·

175 2842 293 2913 εὐτελὲς
316 2843 374 2926 μὲν
397 2842 433 2906 τὸ
455 2843 622 2925 ὑπόδημα,
650 2841 792 2925 Θρᾴκιον
817 2843 851 2906 δὲ
875 2843 910 2906 τδ
934 2843 1071 2926 εὑρήμα,
1095 2842 1150 2925 τήν
1176 2843 1210 2906 δὲ
1233 2843 1321 2908 ἰδέαν
1343 2868 1400 2908 κο-

174 2932 305 3015 ὑόρνοις
328 2937 482 3003 ταπεινοῖς
505 2933 614 2995 ἔοικεν.

265 3021 338 3083 637.
362 3019 455 3105 εἶναι]
481 3019 539 3096 Qu.
563 3022 664 3090 ὄντας.
703 3020 749 3084 ef.
773 3020 812 3083 ad
835 3022 895 3084 Av.
920 3020 993 3083 496.

266 3111 337 3173 638.
362 3111 511 3192 ἄγξουσιν
543 3111 616 3196 ἑξῆς
648 3111 825 3191 transponit
856 3109 982 3172 Velsen.
1054 3107 1108 3171 τὸν
1130 3110 1231 3172 πάντα
1256 3108 1400 3194 γέροντα]

174 3199 307 3263 τότε-
331 3199 431 3263 Keck.
456 3197 504 3264 Fr.
529 3199 615 3264 Com.
639 3199 680 3262 II.
706 3199 778 3264 504.
816 3197 901 3280 Lege
923 3196 1013 3261 πάντ’
1036 3199 1112 3260 ὄντα
1136 3199 1275 3280 γέροντα.

264 3289 337 3351 640.
361 3288 470 3352 Scribe
491 3286 530 3371 ή,·

264 3378 337 3440 643.
363 3378 462 3460 δρῶσι
485 3377 568 3441 libri.
593 3378 713 3461 δρῶσιν
732 3377 939 3462 nescioquis.
963 3385 1010 3460 τῷ
1033 3377 1148 3459 δρῶντι
1170 3384 1297 3450 τοιαῦτα
1321 3379 1400 3460 ccnj.

174 3466 302 3530 Velsen.

265 3556 338 3619 644.
362 3557 391 3618 εί
415 3593 453 3600 -
477 3555 584 3638 καλοῖ]
610 3555 667 3632 Qu.
691 3559 731 3638 ήν
757 3593 796 3602 -
820 3557 911 3639 καλῇ.

264 3645 337 3707 645.
361 3644 468 3728 καλοῖ]
493 3645 538 3709 ef.
562 3644 619 3725 Eq.
647 3646 741 3706 1131.
764 3652 875 3715 ποιοῖς.

264 3735 336 3796 646.
360 3732 423 3816 Πρ.
448 3735 541 3816 praef.
564 3733 603 3795 N.
628 3754 688 3796 cm.
712 3734 747 3797 B.
771 3733 807 3796 R.
830 3733 867 3795 Γ.
890 3733 963 3796 AN.
987 3735 1026 3798 A.
1050 3735 1177 3798 Velsen.

265 3825 337 3886 647.
361 3825 393 3886 εἴ
414 3846 449 3886 σε
480 3823 601 3906 φιλήσει
635 3822 772 3906 (φιλήσει
795 3822 831 3886 Β.
854 3822 906 3901 Γ.)
939 3823 1140 3903 κάρίστυλλος
1168 3825 1247 3906 ccnj.
1271 3822 1399 3887 Velsen.

174 3912 359 3996 Legendum
387 3913 419 3974 εἴ
440 3935 475 3975 σε
503 3912 625 3994 φιλήσει
652 3934 696 3981 τις
719 3910 922 3994 Ἀρίστυλλος.
962 3911 1004 3974 ef.
1028 3913 1074 3976 Pl.
1100 3913 1172 3974 314.
1202 3911 1240 3976 σὺ
1270 3911 1298 3976 δ’
1317 3913 1399 3996 ’Δρί-

174 4002 303 4071 στυλλος
325 4002 522 4083 ὑποχάσκων
544 4000 624 4082 ἐρεῖς
647 4006 704 4064 etc.
767 4001 905 4083 φάσκων
928 4000 956 4064 α’
980 4000 1110 4064 Mehler.
1143 4000 1231 4064 Nihil
1255 4022 1342 4086 opus

264 4091 336 4152 648.
361 4090 390 4171 γ’
413 4089 464 4172 ἂν]
487 4092 544 4153 τᾶν
566 4090 710 4172 Lenting.
736 4089 842 4153 Cobet.
866 4090 951 4154 Veis.
990 4090 1094 4154 Recte.

264 4179 336 4241 656.
362 4178 475 4263 δεινὸν]
500 4177 608 4242 Malim
633 4180 719 4243 δεινά
743 4204 785 4261 γε.

264 4268 336 4329 652.
360 4267 517 4351 λιπαρῶς]
542 4268 625 4352 Lege
648 4269 781 4352 λιπαρῷ.

264 4357 336 4418 655.
362 4353 404 4417 ef.
428 4355 523 4440 Vesp.
548 4358 621 4420 818.
645 4359 679 4420 ἓν
702 4359 744 4421 ἔτι
766 4359 873 4422 ποὺῶ.
897 4357 979 4421 Nub.
1004 4358 1078 4421 681.

156 4447 165 4464 ’
264 4446 336 4508 656.
362 4444 406 4508 Ut
433 4464 491 4528 egc
515 4445 647 4528 Velsen‚
676 4448 740 4510 nisi
768 4448 853 4530 qued
882 4446 946 4511 ἀπὸ
974 4467 1030 4531 prc
1060 4448 1096 4510 ἐκ
1119 4449 1215 4530 ponit.
1257 4445 1314 4522 Qu.
1339 4446 1399 4509 οὑκ

174 4535 210 4599 ἐκ
233 4541 298 4598 τῶν
320 4540 439 4598 κοινῶν
463 4534 492 4616 y'
517 4573 570 4595 —.
