3492 5194
663 828 1014 911 *Lucretii

316 1145 384 1210 Has
416 1163 503 1209 meas
534 1145 569 1208 in
605 1144 849 1228 Aristophanem
883 1141 1174 1208 animadversiones
1207 1143 1343 1227 criticas,
1376 1163 1455 1226 quas

227 1259 297 1336 post
320 1271 407 1316 meas
431 1250 611 1315 fabularum
634 1251 790 1315 editiones
815 1252 948 1315 diversis
972 1251 1168 1335 temporibus
1191 1253 1392 1336 scripseram,
1423 1257 1455 1315 et

229 1378 310 1442 quae
333 1359 449 1442 partim
471 1358 728 1442 supplementum
750 1359 865 1442 partim
890 1358 1049 1422 secundae
1070 1377 1164 1422 curae
1180 1359 1289 1423 haberi
1313 1364 1453 1443 possunt,

227 1466 355 1529 lectoris
377 1465 479 1528 favori
502 1470 533 1529 et
556 1465 775 1548 indulgentiae
799 1466 995 1530 commendo.

317 1572 401 1636 Fieri
429 1575 532 1654 potest
559 1576 595 1635 ut
617 1573 731 1636 harum
753 1572 1011 1637 observationum
1034 1573 1207 1637 nonnullae
1226 1575 1293 1656 jam
1316 1574 1352 1637 in
1374 1574 1454 1637 meis

228 1678 419 1744 editionibus
442 1678 582 1761 prolatae
605 1681 681 1761 sint,
709 1685 741 1743 et
769 1682 989 1745 recensionem
1016 1701 1066 1745 me
1099 1700 1210 1745 aarum
1238 1682 1338 1764 magis
1362 1700 1455 1744 accu-

228 1791 326 1850 ratam
354 1805 419 1849 non
451 1787 592 1869 potuisse
623 1787 726 1851 faeere
759 1787 852 1851 valde
885 1788 983 1852 doleo.
1037 1786 1282 1870 Qualescunque
1311 1788 1387 1871 sint,
1420 1788 1454 1850 in

227 1893 330 1957 lucem
365 1912 418 1957 eas
445 1893 585 1976 proferre
609 1895 773 1976 constitui,
806 1896 997 1978 veniamque
1028 1915 1105 1979 rogo
1134 1897 1161 1959 si
1185 1895 1318 1978 vestigia
1346 1895 1454 1978 aliqua

228 2001 368 2064 incuriae
400 2005 456 2064 aut
487 2000 698 2084 negligentiae
735 2001 787 2064 hic
819 2002 886 2066 illio
918 2004 1129 2087 apparuerint.
1180 2002 1293 2085 Neque
1330 2007 1455 2085 tempus

228 2107 314 2170 enim
337 2107 416 2171 mihi
438 2126 544 2191 nequa
560 2107 709 2171 valetudo
733 2108 773 2171 ad
796 2111 1012 2173 necessarium
1034 2109 1176 2173 laborem
1193 2109 1338 2193 opusculi
1359 2109 1454 2190 hujus

227 2215 404 2279 recensioni
427 2219 591 2278 accuratae
615 2215 865 2298 impendendum
891 2215 1083 2300 suppetebat.

270 2339 271 2342 ’
317 2319 420 2396 Quum
455 2322 596 2406 plurium
619 2322 840 2407 Aristophanis
873 2323 1052 2387 fabularum
1083 2324 1239 2388 editiones
1272 2329 1342 2387 tum
1369 2323 1453 2407 apud

228 2448 286 2492 nos
309 2434 377 2492 tum
405 2429 489 2513 apud
522 2434 648 2493 exteros
679 2449 784 2513 nuper
811 2431 1000 2514 prodierint,
1032 2431 1092 2495 hoc
1122 2451 1227 2495 meum
1252 2431 1453 2515 spicilegium

228 2538 371 2600 criticum
394 2535 568 2600 editoribus
583 2536 699 2601 futuris
723 2538 871 2601 nonnihil
895 2538 935 2602 ad
958 2544 1082 2602 textum
1105 2540 1204 2602 nostri
1228 2538 1454 2602 illustrandum

228 2649 259 2706 et
281 2643 512 2708 restituendum
536 2644 681 2708 conferre
705 2663 796 2728 posse
820 2664 946 2728 sperare
969 2646 1079 2710 audeo.

277 2805 280 2816 .
316 2751 387 2814 Hac
419 2752 583 2815 occasione
617 2755 688 2815 utar
715 2757 752 2816 111
779 2752 819 2816 (10
844 2753 1020 2836 Vesperum
1049 2753 1118 2817 1000
1147 2753 1314 2817 manifesto
1338 2754 1451 2836 vitioso

229 2856 481 2922 observationem
505 2859 632 2941 faciam,
656 2879 769 2943 nempe
787 2880 813 2923 v.
834 2860 917 2923 1192
935 2881 993 2944 sq,
1018 2859 1073 2923 ubi
1097 2861 1244 2924 codicum
1264 2881 1336 2924 mss.
1361 2861 1455 2924 lectio

228 2967 307 3028 haec·
329 2971 389 3048 est,
412 2967 496 3048 ἔχων
520 2966 556 3029 δέ
577 2990 624 3030 τοι
644 2966 648 3049 t
669 2965 808 3049 πλευρὰν
836 2967 1018 3050 βαθυτάτην
1046 2967 1100 3030 καὶ
1122 2969 1219 3050 χέρας
1242 2967 1296 3031 καλ
1318 2967 1455 3050 λαγόνας

228 3073 282 3136 καὶ
302 3073 306 3154 Ι
327 3071 455 3155 θώρακ’
478 3074 612 3156 ἄριστον.
637 3073 675 3137 In
699 3074 748 3136 his
772 3073 903 3137 offendit
925 3075 1064 3157 primum
1089 3075 1124 3138 δέ
1146 3099 1205 3148 τοι,
1233 3095 1289 3158 pro
1315 3094 1377 3156 quo
1401 3079 1457 3138 aut

229 3180 257 3243 δ’
282 3179 373 3262 ὅμως
405 3185 460 3244 aut
493 3180 527 3244 δὲ
559 3181 612 3244 καὶ
644 3181 863 3264 reponendum
895 3182 976 3245 mihi
1007 3182 1141 3246 videtur.
1187 3181 1311 3246 Deinde
1340 3182 1455 3246 mendo

230 3284 373 3351 laborare
391 3286 492 3373 ¹verba
527 3288 580 3351 καὶ
612 3289 707 3372 χέρας
739 3288 793 3351 καὶ
824 3289 961 3371 λαγόνας
996 3293 1133 3353 constat:
1162 3290 1257 3373 χέρας
1282 3291 1368 3352 euim
1392 3309 1453 3353 non

230 3393 342 3457 dicunt
369 3395 494 3477 comici,
523 3395 577 3459 sed
606 3401 726 3478 χεῖρας,
755 3400 854 3460 metro
883 3403 987 3461 autem
1013 3398 1199 3461 adversatur
1221 3397 1369 3480 λαγόνας,
1398 3417 1455 3480 pro

231 3519 293 3582 quo
328 3501 442 3583 λαγόνε
475 3501 638 3566 substituit
669 3501 862 3567 Dindorfius.
909 3503 1011 3567 Valde
1044 3504 1175 3588 quidem
1210 3505 1377 3587 ingeniosa
1409 3509 1457 3567 est

229 3608 395 3670 novissimi
428 3608 560 3672 editoris
588 3609 638 3673 W.
662 3607 786 3674 Starlrie
823 3612 977 3675 correctio
1010 3612 1201 3694 χήρακλείαν
1241 3611 1360 3693 λαγόνα
1392 3611 1455 3683 καὶ,

230 3714 285 3777 sed
308 3715 387 3777 mihi
415 3715 510 3797 longe
538 3715 731 3798 probabilior
758 3717 937 3798 emendatio
966 3718 1092 3782 videtur
1119 3720 1257 3803 καρτερά
1284 3743 1316 3781 τε
1342 3718 1456 3799 λαγόνε

229 3820 295 3893 καὶ,
325 3827 380 3885 aut
407 3820 563 3905 καρτερὰς
590 3822 726 3904 λαγόνας
753 3824 861 3887 τεκαὶ
886 3861 940 3884 -.
980 3825 1025 3889 Of.
1049 3825 1123 3888 Eur.
1149 3825 1196 3888 Fr.
1224 3827 1299 3906 199,
1325 3827 1352 3888 3.
1376 3849 1454 3908 καρ-

228 3933 321 4009 τεροῦ
352 3931 531 4011 βραχίονος.
567 3929 660 3994 1044.
694 3931 787 4013 χερός
812 3968 852 3977 -
877 3938 1032 4015 καρτερᾶς
1064 3933 1119 4012 (ita
1147 3935 1233 3997 enim
1260 3932 1453 4014 legandum).

229 4034 347 4097 Achae.
372 4040 449 4118 trag.
473 4038 503 4119 4,
528 4039 555 4099 3.
580 4036 734 4120 καρτερὰς
758 4037 930 4121 ἐπωμίδας.
955 4044 986 4103 et
1008 4046 1169 4123 praeterea
1185 4041 1313 4122 Antiph.
1329 4038 1386 4102 ΙΙΙ.
1405 4040 1454 4101 72,

228 4141 350 4204 θύννον
374 4142 511 4225 λαγόνες.
536 4143 652 4207 Eubul.
676 4143 733 4207 ΙΙΙ.
759 4147 831 4207 226.
856 4147 964 4228 κοίλης
987 4146 1121 4229 λαγόνος
1144 4147 1278 4231 εὐρύνας
1300 4145 1413 4228 βάθος.

337 4273 521 4369 scribebam
545 4304 762 4388 Brightoniae,
787 4305 894 4369 marm
919 4307 968 4370 are
994 4308 1044 4369 25.
1070 4308 1164 4370 raas.
