3492 5194
681 439 862 485 ιτειετιιιιι
1343 417 1383 480 61

159 603 250 683 ῥίψαι
282 600 342 682 μὲν
375 601 407 670 ἒς
440 599 496 682 τὴν
524 598 689 662 θάλασσαν
712 599 758 668 ὡς
786 597 848 680 εἶχε
871 597 928 660 σὺν
950 603 988 678 τῇ
1012 602 1110 677 σκευῇ
1133 596 1228 676 πάση.
1255 593 1385 678 Antiph.

159 690 218 754 ΙΠ.
245 690 319 752 114.
343 689 394 752 ἐπὶ
416 693 539 771 κῶμον,
564 689 592 750 εἶ
613 688 713 760 δοκεῖ,
735 687 739 770 Ι
760 689 859 769 ἴωμεν
882 687 991 768 ὥσπερ
1015 687 1137 767 ἔχομεν.

252 780 325 840 612.
350 777 399 841 σοὶ
423 778 490 857 (sic)
514 777 609 840 Dind.
633 776 728 839 Mein.
767 774 977 839 Scribendum
1000 797 1058 837 σοι.

251 867 324 930 615.
350 867 423 929 630.
448 865 577 949 ἄνδρες]
607 864 716 928 Malim
745 864 915 947 utrobique
944 861 1074 945 ὦνδρες.
1113 861 1183 924 Nisi
1209 863 1288 926 forte
1311 863 1387 925 scri-

160 956 302 1020 bendum
331 957 390 1038 sic,
421 954 675 1037 ἐπαποδυώμεθ’
704 954 817 1036 ἅνδρες
841 955 875 1036 (1.
891 973 917 1017 υ.
942 954 973 1015 οῑ
995 952 1122 1034 ἄνδρες,
1151 971 1219 1014 nos
1242 952 1314 1031 viri)
1332 989 1386 1012 —-.

161 1045 204 1108 01.
229 1045 270 1107 ad
294 1047 345 1106 42.
630 1043 634 1048 “

251 1134 324 1196 617.
349 1131 669 1216 0111ιιρο111486.
693 1131 776 1194 πολύ
798 1131 923 1194 πλεῖστα
940 1131 1089 1212 παρέχειν
1104 1130 1158 1193 καί
1173 1129 1255 1192 πολὺ
1270 1129 1387 1211 μέγιστ’

160 1223 278 1305 ἀγαθά.
311 1223 448 1305 Theogn.
473 1222 546 1284 434.
579 1220 716 1290 πολλοὺς
748 1223 787 1284 ἂν
818 1220 956 1302 μισθοὺς
987 1219 1041 1282 καὶ
1071 1219 1229 1301 μεγάλους
1263 1220 1387 1301 ἔφερον.

159 1311 251 1375 Dem.
276 1313 349 1374 597.
372 1311 501 1374 πολλῶν
525 1348 566 1356 -
590 1310 644 1373 καί
666 1310 815 1391 μεγάλων
838 1309 981 1390 ἀγαθῶν.
1009 1329 1038 1391 p.
1058 1309 1152 1370 1207.
1180 1308 1308 1371 πολλῶν
1335 1307 1389 1370 καί

161 1401 312 1483 μεγάλων
334 1401 542 1482 πραγμάτων.
569 1419 598 1482 p.
618 1400 712 1481 1277,
729 1398 780 1461 20.
803 1397 904 1461 πολλὰ
927 1397 981 1460 καὶ
1003 1397 1124 1479 μεγάλα
1147 1397 1387 1479 βεβλαμμένων.

160 1490 245 1554 Xen.
269 1488 364 1552 Mem.
387 1488 443 1551 IV.
470 1489 497 1550 1.
522 1489 550 1550 4.
574 1489 699 1551 πλεῖστα
726 1525 766 1532 -
790 1487 844 1550 καὶ
865 1488 994 1569 μέγιστα
1018 1486 1135 1567 ἀγαθά.
1160 1485 1242 1548 Plut.
1266 1483 1334 1547 Nic.
1359 1487 1388 1546 4.

161 1580 309 1661 ἐκέκτητο
334 1616 374 1624 -
399 1577 499 1640 πολλὰ
528 1577 582 1640 καὶ
603 1578 734 1660 μεγάλα.
770 1574 874 1639 stratt.
900 1577 950 1638 25.
974 1574 1112 1644 πολλοὺς
1139 1575 1202 1656 ἤδη
1230 1574 1389 1656 μεγάλους

160 1692 192 1730 τε
215 1668 361 1750 φάγρους
384 1667 536 1748 έγκάφας.

253 1757 325 1818 632.
350 1756 424 1818 833.
447 1756 675 1838 Imprimantur
696 1757 730 1818 hi
753 1773 864 1817 versus
888 1754 1025 1817 diductis
1048 1754 1155 1817 literis.

253 1846 325 1906 632.
349 1844 403 1907 καὶ
426 1845 563 1926 φορήσω
586 1844 621 1907 τὸ
645 1844 747 1928 ξίφος]
773 1842 831 1919 Ωιι.
855 1844 909 1907 καὶ
932 1845 1070 1926 φορήσω
1094 1867 1128 1925 γε
1151 1842 1251 1924 ξίφος.

181 1974 185 1980 ⁴
255 1935 328 1997 633.
347 1932 592 2017 Ἀριστογείτονι]
616 1934 737 1996 Annon
756 1932 1037 2015 Ἂριστογείτονος7

254 2023 326 2085 634.
351 2021 409 2098 Ωιι.
434 2059 473 2068 —-
504 2021 581 2105 παρ’
610 2023 710 2104 αὐτῷ·
739 2021 832 2083 ταύτὸ
861 2023 921 2103 γάρ
949 2045 1005 2102 μοι
1033 2021 1177 2102 γίγνεται,
1213 2020 1263 2083 vel
1296 2018 1389 2081 ταύτὸ

163 2112 224 2194 γὰρ
256 2112 484 2193 μοιἰκγίγνεται.
528 2110 572 2173 01.
602 2110 659 2194 Eq.
684 2111 757 2173 536.
790 2110 929 2172 θεᾶσθαι
962 2147 1003 2155 -
1036 2108 1123 2191 παρὰ
1158 2117 1204 2190 τῷ
1236 2108 1389 2188 Διονύσῳ.

162 2201 249 2265 Εοώ.
276 2201 348 2263 682.

254 2291 327 2352 635.
349 2289 444 2372 τῆσδε
468 2288 566 2370 γραὸς
588 2289 645 2371 τὴν
669 2287 802 2371 γνάθον]
831 2286 916 2371 Lege
940 2287 1033 2369 τῆσδε
1056 2293 1110 2369 τῆς
1134 2285 1231 2368 γραὸς
1260 2285 1390 2368 γνάθον.

164 2377 210 2442 01.
233 2379 313 2442 Ran.
337 2379 408 2440 149.
432 2377 552 2460 πατρὸς
576 2378 698 2460 γνάθον
716 2373 719 2464 ]
738 2378 897 2450 ἐπάταξεν.
936 2375 1121 2459 Requiritur
1143 2376 1295 2440 articulus
1319 2379 1391 2436 ante

32 2489 36 2500 ·
165 2468 273 2550 γραός.

256 2557 329 2619 654.
354 2555 404 2620 εἶτ’
429 2554 657 2638 ἀναλώσαντες]
683 2553 741 2630 Ωιι.
766 2555 1026 2642 ἕξοναλώαοντες.

255 2645 328 2706 657.
351 2645 436 2726 τῷδέ
458 2643 499 2727 γ’]
524 2642 596 2727 hog.
619 2644 703 2726 τῷδέ
725 2643 761 2707 α’.

255 2733 327 2796 659.
351 2733 434 2796 ταῦτ’
451 2731 509 2796 οὖν
525 2734 691 2815 οὐχύβρις
716 2732 771 2816 η’]
797 2731 855 2808 Ωιι.
870 2733 955 2795 ταῦτ’
972 2731 1023 2814 ἄρ’
1040 2756 1099 2807 -—,·
1127 2730 1172 2793 01.
1192 2731 1235 2794 Ρ1.
1251 2730 1324 2793 886.
1340 2728 1391 2811 ἆρ’

165 2824 225 2905 οὐχ
249 2823 339 2904 ὕβρις
361 2824 444 2884 ταῦτ’
469 2821 530 2884 ε’στί
552 2822 669 2903 πολλή,·
693 2821 786 2904 Soph.
805 2821 881 2885 Oed.
898 2821 931 2884 0.
949 2824 1021 2884 883.
1047 2819 1097 2902 ἄρ’
1116 2821 1176 2901 οὐχ
1199 2821 1289 2902 ὕβρις
1305 2818 1392 2893 τάδ’,·

256 2911 328 2974 661.
353 2911 399 2980 ὡς
421 2910 476 2974 τὸν
498 2910 612 2993 ἄνδρα]
638 2907 695 2984 Ωιι.
719 2911 765 2979 ὥς
787 2911 842 2973 τιν’
866 2911 976 2991 ἄνδρα.

257 3001 329 3063 662.
354 2996 549 3082 ἐκδυώμεθ’]
574 2997 632 3073 Ωιι.
657 2999 878 3080 ἀποδυώμεθ.
917 2997 980 3061 Sed
1002 2999 1041 3061 ο1.
1066 2998 1139 3060 686.
1164 2996 1235 3060 Pac.
1261 2997 1333 3058 336.

257 3089 329 3151 670.
353 3088 435 3152 Fort.
459 3088 715 3151 κάποδύσοσθαι.
739 3087 876 3169 Hesyoh.
893 3108 921 3149 v.
939 3087 1131 3169 γυμνότερος
1154 3085 1332 3168 λεβηρίδος’
1350 3121 1392 3130 -

167 3179 217 3241 ε’πὶ
239 3183 304 3240 τών
327 3177 563 3260 ἀποδυομένων
585 3176 620 3240 τὸ
644 3183 752 3259 γῆρας.
792 3176 835 3239 01.
860 3176 900 3239 ad
924 3175 996 3238 686.
1086 3174 1170 3258 τόδε]
1195 3173 1254 3249 Ωιι.
1277 3173 1351 3236 τοδί.

257 3267 330 3329 681.
352 3266 489 3350 τουτονί]
514 3265 711 3349 Suspectum.
750 3265 834 3330 Fert.
858 3266 994 3338 εὐθέως,
1019 3269 1074 3328 aut
1096 3264 1231 3347 λαβόντα
1255 3262 1321 3326 τινὰ
1339 3303 1394 3326 υ,

167 3355 221 3420 τὸν
244 3357 371 3437 αὐχένα.
410 3355 454 3418 01.
481 3357 553 3417 705.
1176 3427 1178 3430 Ι

258 3446 331 3507 683.
356 3442 413 3519 Ωιι.
436 3444 493 3526 τὴν
516 3444 653 3526 ἐμαυτῆς
675 3443 725 3508 1να
749 3445 802 3507 καὶ
827 3444 878 3526 δὴ,
901 3445 955 3508 vel
978 3445 1066 3508 λύσω
1088 3442 1144 3513 τὰς
1166 3443 1304 3524 ε’μουτῆς
1326 3440 1394 3511 ίνας

168 3535 229 3617 ἤδη
255 3571 310 3596 -.
349 3532 392 3596 01.
416 3532 488 3596 Pae.
513 3534 563 3596 85.
586 3534 660 3614 πρὶν
683 3535 723 3596 ἂν
745 3535 845 3617 ίδίσῃς
867 3533 921 3596 καὶ
945 3534 1093 3617 διαλύσῃς
1113 3533 1117 3615 Ι
1138 3532 1273 3613 ἄρθρων
1295 3529 1370 3600 ἶνας.

258 3624 331 3685 685.
354 3621 580 3705 πεκτούμενον]
614 3622 658 3685 01.
681 3623 739 3704 Eq.
766 3624 815 3685 69.
844 3623 1036 3704 πατούμενοι
1060 3623 1197 3704 (πεκτῖ)
1223 3616 1226 3706 ]
1251 3619 1315 3682 ὑπὸ
1337 3625 1393 3682 τοῦ

170 3713 317 3795 γέροντος
340 3711 532 3775 ὀκταπλάσια
556 3712 698 3792 χέζομεν.

258 3801 331 3863 686.
360 3798 571 3883 ἐκδυώμεθα]
600 3797 658 3874 Ωιι.
688 3799 918 3881 ἀποδυώμεθα.
956 3799 1001 3862 01.
1031 3801 1103 3861 615.
1132 3797 1394 3878 ἐπαποδυώμεθ’.

169 3890 247 3953 Ach.
265 3890 338 3952 627.
361 3887 434 3972 Lys.
454 3890 547 3952 1173.
581 3886 644 3951 Sed
658 3888 697 3950 ο1.
714 3888 786 3950 662.
801 3888 857 3970 τὴν
871 3888 1001 3970 ἐξωμίδ’
1016 3888 1209 3970 ἐκδυώμεθ’.
1233 3886 1305 3949 Pac.
1322 3887 1394 3950 336.

259 3980 332 4041 688.
356 3980 404 4041 ἵνα
427 3979 472 4061 μή
497 4002 573 4040 ποτε
597 3976 650 4060 -]
676 3975 733 4052 Ωιι.
757 3978 806 4040 ἵνα
830 3978 941 4059 μηκέτι
965 4015 1020 4039 -.

260 4068 333 4131 690.
357 4067 497 4140 αὐτοδὰξ
512 4066 731 4150 ὠργισμένων]
757 4065 802 4129 01.
818 4065 913 4128 Ηοιιι.
931 4066 987 4129 Od.
1007 4068 1034 4149 l,
1052 4067 1124 4128 381.
1141 4065 1222 4139 ὀδὰξ
1237 4067 1270 4128 ἕν
1286 4066 1396 4148 χείλεσι

172 4157 291 4238 φύντες.
317 4158 366 4238 18,
382 4157 456 4218 410.
481 4156 532 4237 20,
549 4156 622 4218 268.

261 4246 333 4308 691.
356 4246 503 4327 κυάμους
525 4244 675 4328 μέλανας]
700 4241 758 4318 Ωιι.
782 4245 928 4326 κυάμους
951 4246 993 4307 ἔτι
1016 4245 1168 4327 θερμούς.

260 4335 332 4397 697.
352 4333 504 4417 Ἰσμηνία]
529 4333 611 4397 Fort.
630 4332 799 4418 Ἰαμηνίχα
828 4333 1006 4416 Ἰσμήνιχος
1029 4339 1077 4397 est
1099 4333 1177 4396 Aah.
1198 4334 1270 4396 954.
1290 4331 1394 4415 Ἰσμη-

173 4423 238 4493 νίας
260 4423 333 4488 861.

261 4513 333 4577 699.
356 4511 410 4575 καί
432 4511 506 4594 τοῖς]
531 4510 590 4586 Ωιι.
614 4517 698 4574 τοῖσι.
