3492 5200
322 431 364 524 70
769 449 1091 495 ταωκοεεοειιπσειε

318 608 400 692 πρὸς
422 609 457 672 τὸ
472 609 633 692 βουλεύειν
649 611 711 692 ἔχει
731 609 736 695 ]
755 608 791 673 τὸ
808 616 915 693 γῆρας.
970 633 1033 672 που
1052 607 1124 671 ’στὶν
1139 609 1224 690 vulg.
1258 606 1366 671 Scribo
1381 607 1445 670 πού
1464 565 1547 670 'orm

257 724 261 732 ·
364 698 473 783 σοφαί]
496 699 550 762 An
574 699 708 781 ooepo'm?
798 697 1002 781 Imprimatur
1025 699 1084 778 sio,
1107 699 1144 760 αῖ
1166 697 1282 780 σοφαὶ
1305 697 1510 769 ξυνουσίαι.

403 790 462 852 24.
485 789 708 870 προσμάθοιμι
731 787 828 852 sohol.
855 787 936 850 Vels.

324 941 327 947 ,
410 878 460 940 29.
485 876 561 941 Post
582 877 727 960 τυγχάνει
750 876 874 959 virgula
896 875 1166 959 distinguendum.

411 967 462 1029 30.
486 965 568 1030 Forl.
591 973 683 1036 ποῖος
701 966 851 1048 Ἁγάθων
874 967 994 1041 οὑτοσί·

410 1056 460 1118 31.
484 1056 561 1119 Post
582 1055 680 1137 μέλας
702 1060 839 1138 ponatur
860 1051 992 1136 virgula.

410 1146 460 1206 32.
485 1146 535 1207 33.
559 1141 707 1230 ἑόρακας]
732 1144 777 1207 01.
800 1143 883 1206 Nub.
910 1144 981 1207 767.
1005 1142 1066 1205 AV.
1092 1144 1186 1205 1573.
1211 1142 1256 1206 Pl.
1281 1143 1331 1206 98.

410 1235 461 1295 34.
484 1232 672 1316 scripserat,
700 1235 825 1316 opinor,
851 1233 1080 1315 An'stophanos
1110 1231 1157 1314 μδ
1189 1231 1243 1295 τὸν
1275 1231 1326 1295 Δί’
1360 1233 1420 1294 οὐκ
1448 1232 1546 1313 ἔγωγ’

320 1321 379 1384 ὅσα
408 1346 443 1404 γε
465 1321 542 1405 κᾶμ’
566 1323 688 1386 εἰδέναι.
728 1320 772 1384 01.
796 1321 881 1385 ΕοοΙ.
906 1323 978 1385 350.
1005 1323 1126 1385 οὔκουν
1152 1321 1278 1403 πονηρά
1307 1319 1335 1402 γ’
1363 1321 1444 1384 ἐστὶν
1473 1321 1493 1383 ό
1520 1345 1547 1384 τι

320 1411 423 1492 (ocal)
446 1412 524 1495 κᾶμ’
548 1413 671 1475 εἰδέναι.
695 1411 825 1474 Lucian.
846 1411 915 1474 πᾶν.
932 1411 996 1474 ind.
1015 1411 1064 1473 19.
1089 1411 1148 1473 ὅσα
1172 1434 1207 1492 γε
1230 1410 1313 1492 κάμὲ
1336 1409 1447 1492 Σύρον
1471 1411 1547 1472 ὄντα

319 1500 441 1563 εἰδέναι.
464 1501 541 1564 Tim.
560 1503 609 1563 52.
634 1501 693 1564 ὅσα
718 1524 752 1582 γε
775 1500 829 1564 καὶ
851 1502 936 1583 ἡμᾶς
959 1500 1081 1562 εἰδέναι.
1106 1498 1193 1562 Phot.
1215 1498 1290 1563 Lex.
1306 1520 1335 1582 p.
1354 1500 1426 1562 231.
1465 1499 1549 1562 Vul-

320 1596 392 1672 gata
414 1590 557 1653 inaudita
579 1596 628 1654 est
650 1590 776 1652 locutio.
867 1591 953 1652 οὔτοι
977 1587 1017 1672 γ’]
1042 1589 1123 1652 Fort.
1140 1589 1178 1650 οδ
1196 1586 1281 1672 δῆθ’,
1307 1595 1361 1651 aut
1382 1587 1548 1651 οὐδέποθ’.

321 1677 364 1740 01.
389 1677 446 1760 Eq.
472 1679 543 1741 960.
567 1679 612 1761 μὴ
639 1679 716 1760 δῆτα
739 1681 792 1742 πώ
817 1677 854 1760 γ’.
877 1677 956 1740 Ran.
975 1677 1109 1759 914.μο
1132 1675 1187 1740 τὸν
1210 1676 1257 1740 Δί’
1281 1678 1320 1740 οὐ
1341 1677 1425 1760 δῆθ’.
1453 1678 1548 1739 1183.

320 1766 367 1849 μὰ
390 1767 445 1830 τὸν
468 1766 517 1829 Δί’
541 1769 580 1831 οὐ
605 1767 680 1850 δῆτ’.
706 1769 800 1829 1237.
823 1766 869 1849 μὰ
892 1766 947 1830 τὸν
970 1766 1019 1830 Δί’
1044 1768 1136 1830 οὔπω
1161 1766 1198 1848 γ’.

411 1857 461 1918 38.
485 1857 725 1939 προθυσσμένῳ
741 1856 770 1919 δ’
786 1859 922 1920 ἔοικε-
940 1857 1020 1936 conj.
1032 1855 1159 1919 Paleius
1169 1856 1209 1918 ad
1219 1853 1297 1917 Ran.
1309 1856 1382 1918 871.
1406 1855 1546 1918 Frustra.

320 1945 366 2010 01.
380 1946 473 2008 1178.
497 1946 697 2028 ὀρχησομένη
715 1945 776 2028 γὰρ
792 1945 899 2029 ἔρχεθ’
916 1946 962 2015 ὡς
982 1946 1102 2027 ἄνδρας
1123 1946 1215 2014 τινός.
1241 1946 1318 2008 th.
1336 1945 1408 2007 240.
1432 1944 1549 2008 θύσων

320 2034 381 2186 llo
405 2034 500 2117 ἀνὴρ,
533 2037 592 2188 ὡςό
607 2035 694 2148 ἔοικ’]
722 2036 884 2118 ἐξέρχεται.
921 2035 968 2098 Pl.
995 2035 1089 2096 1098.
1121 2035 1164 2103 τίς
1192 2034 1260 2098 ἐσθ’
1290 2035 1309 2096 ό
1332 2035 1462 2097 κόπτων
1490 2034 1547 2117 τὴν

366 2147 442 2206 ραν,·
467 2162 505 2169 -
533 2149 571 2188 ου
593 2149 648 2198 εις,
672 2149 781 2188 εοικεν.

411 2214 461 2276 39.
485 2220 548 2284 πᾶς
571 2216 651 2277 ἔστω
674 2214 763 2297 λαός]
788 2213 845 2290 Qu.
869 2219 932 2282 πᾶς
955 2213 973 2275 ό
997 2212 1077 2282 λεὼς
1100 2213 1188 2275 ἔστω.

413 2305 463 2364 45.
488 2302 642 2386 γλαυκόν]
676 2305 794 2366 Annon
828 2303 989 2384 γλαυκοῦΡ
1036 2300 1081 2364 01.
1109 2304 1169 2364 Av.
1197 2302 1290 2364 1339.
1324 2301 1463 2384 γλαυκᾶς
1497 2302 1548 2364 ἐπ’

321 2389 417 2472 οἶδμα
441 2391 558 2472 λίμνας.
582 2391 660 2454 Ron.
686 2392 758 2454 666.
783 2392 922 2472 γλαυκᾶς
947 2428 987 2436 -
1012 2391 1095 2460 ἁλός.
1119 2390 1194 2453 Eur.
1219 2389 1305 2471 Cyol.
1333 2391 1381 2453 16.
1405 2390 1550 2473 γλαυκὴν

324 2481 392 2542 ἅλα.
416 2480 486 2543 Hel.
512 2481 584 2543 408.
610 2481 748 2563 γλαυκῆς
771 2481 853 2549 ἁλός.
882 2482 974 2542 1521.

345 2657 364 2720 ὅ
412 2570 461 2631 56.
485 2568 668 2653 κηροχυτεῖ]
695 2568 752 2644 Qu.
776 2575 939 2652 κηροχοεῖ,
971 2575 1004 2631 ul
1031 2575 1226 2650 χρυσοχοεῖν,
1255 2571 1417 2652 οἰνοχοεῖν,
1446 2570 1548 2651 μολυ-

366 2664 478 2731 οοεῖν,
503 2665 561 2722 eto.

322 2659 344 2740 β
385 2683 463 2809 χ57.
487 2746 582 2810 Nune
604 2747 712 2809 malim
736 2748 891 2809 ἀππαπαῖ.
921 2748 1086 2829 ξυνεγένου
1110 2746 1308 2824 Κλεισθένεα·
1347 2746 1391 2810 01.
1415 2748 1548 2811 ἀτταταῖ.

411 2837 461 2899 58.
486 2836 673 2921 ἀγροιώτας]
698 2834 756 2910 Qu.
781 2837 965 2919 ἀγροιώτης.

412 2925 462 2988 61.
487 2924 596 2990 Scribe
620 2930 686 3007 ξυγ.
711 2932 742 2989 el
765 2929 830 3000 ξυσ.

412 3017 461 3077 63.
485 3017 556 3085 νέος
579 3016 608 3097 γ’
631 3015 691 3099 ὤν]
716 3015 775 3092 Qu.
798 3017 869 3085 νέος
892 3015 933 3077 ἔτ’
957 3017 1012 3087 ὢν,
1042 3020 1096 3077 aul
1118 3015 1248 3090 νεάζων.
1287 3014 1324 3077 In
1349 3014 1413 3077 fine
1434 3034 1548 3078 vorsus

322 3103 452 3168 fortasse
476 3104 747 3187 interrogandum.

412 3195 461 3256 70.
484 3192 587 3256 ΚΗΛ.
610 3195 639 3255 τί
660 3192 718 3257 οὗν
736 3218 794 3269 -,·
816 3192 889 3257 EY.
912 3192 1052 3275 περίμεν’
1078 3230 1118 3238 -
1142 3195 1295 3276 τήμερον;
1319 3194 1443 3257 Kuster.
1460 3193 1547 3256 Volo.

413 3284 462 3344 74.
487 3283 576 3365 ε’μόν]
601 3283 657 3363 ε’μέ
679 3282 789 3344 Valck.
813 3283 866 3344 ΒΓ.
890 3282 968 3364 ἐμὸν
992 3287 1098 3346 tuetur
1121 3281 1226 3345 Cobet.

411 3371 461 3433 80.
486 3373 504 3452 ἡ
528 3371 622 3453 μέση]
645 3373 783 3453 τήμερον
806 3371 920 3434 Naber.
1111 3391 1112 3396 ’

326 3487 329 3494 ·
411 3461 461 3520 86.
487 3458 529 3521 01.
554 3461 632 3521 th.
658 3461 731 3522 560.
760 3460 797 3542 νὴ
825 3459 880 3523 τὸν
909 3460 1058 3523 Ποσειδῶ
1083 3461 1136 3524 καί
1163 3461 1242 3542 λέγει
1272 3461 1299 3541 γ’
1326 3462 1407 3543 ἅπερ
1435 3462 1515 3545 λέγει
1542 3459 1545 3549 ]

323 3549 427 3611 δίκαια
452 3550 561 3611 πάντα.

412 3639 462 3701 91.
487 3636 639 3721 φανερόν]
663 3638 716 3701 An
739 3638 911 3720 φανερῶςΡ

412 3730 461 3790 93.
486 3729 521 3790 ἐκ
554 3733 609 3790 τοῦ
643 3734 701 3791 σοῦ
734 3727 870 3811 τρόπου]
903 3727 943 3809 ἦν
969 3735 1025 3790 τοῦ
1058 3735 1116 3791 σοῦ
1153 3729 1273 3811 τρόπου
1311 3732 1390 3812 oonj.
1420 3731 1546 3793 Velsen.

320 3813 402 3879 Fort.
426 3817 479 3879 καὶ
500 3817 621 3897 τρόπου
645 3824 700 3879 τοῦ
724 3822 782 3879 σοῦ
807 3817 942 3900 σφόδρα.
982 3817 1026 3880 Of.
1051 3819 1123 3880 574.
1148 3818 1233 3900 φίλαι
1253 3825 1410 3898 γυναῖκες,
1435 3823 1546 3902 ξυγγε-

322 3911 383 3974 νεῖς
405 3907 526 3987 τούμοῦ
549 3905 678 3985 τρόπον.

414 3995 464 4055 96.
487 3993 541 4055 καὶ
564 3993 655 4063 ποῖός
678 3996 758 4058 ἐστιν
781 3992 900 4077 οὗτος,·]
926 3993 983 4070 QU.
1008 3997 1026 4058 ὁ
1049 4002 1140 4065 ποῖος
1164 4021 1223 4072 —,·
1261 3996 1305 4059 01.
1330 3998 1408 4060 th.
1433 3998 1506 4059 963.
1530 3999 1549 4061 ὁ

322 4088 415 4151 ποῖος
438 4080 531 4152 οὗτος
553 4083 710 4164 Λάμαχος
733 4083 789 4165 τὴν
812 4085 956 4166 ἔγχελυν,·
980 4084 1062 4147 Nub.
1088 4086 1182 4148 1270.

330 4221 332 4228 .
411 4172 461 4233 97.
490 4170 556 4234 ἀλλ’
588 4171 607 4252 ἦ
642 4172 758 4254 τυφλὸς
785 4174 844 4253 μέν
876 4175 952 4255 εἰμ’;
984 4173 1129 4255 Lenting.
1154 4174 1238 4238 Vols.
1281 4175 1426 4238 Fortasse
1453 4179 1546 4238 recto.

323 4261 368 4328 Of.
393 4261 453 4320 Av.
481 4261 574 4322 1214.
608 4261 753 4341 ὑγιαίνεις
783 4263 859 4342 μέν,·
895 4261 954 4343 Eq.
984 4264 1056 4324 953.
1085 4263 1150 4326 ἀλλ’
1179 4267 1198 4345 ἢ
1227 4264 1266 4326 οὐ
1294 4264 1440 4345 καθορῶ.
1474 4264 1547 4346 LyS.

321 4351 393 4413 928.
418 4349 484 4411 ἀλλ’
508 4349 527 4433 ἦ
553 4349 583 4430 (ἢ
607 4350 704 4433 vulg.)
727 4350 763 4412 τὸ
786 4353 863 4421 πέος
885 4352 951 4414 τόδ’
975 4349 1138 4435 Ἡρακλῆς
1166 4354 1318 4425 ξενίζεται.
1349 4360 1380 4416 et
1402 4354 1442 4416 ad
1466 4354 1545 4416 Ach.

323 4439 416 4503 1111.
457 4436 514 4513 Qu.
538 4437 604 4500 ἀλλ’
633 4438 652 4521 ἦ
677 4438 794 4521 τυφλὸς
822 4441 967 4523 γεγένημ’
991 4442 1094 4522 ἔγωγ’,
1123 4442 1169 4511 ὡς
1193 4443 1253 4522 οὐχ
1281 4442 1350 4521 ὁρῶ
1374 4480 1427 4505 -.
1474 4441 1547 4506 Dis-

319 4528 416 4611 plicet
448 4528 534 4589 onim
566 4527 630 4608 ἐγὼ
667 4529 701 4590 in
738 4531 879 4592 secunda
915 4530 1056 4592 clausula
1091 4531 1238 4613 positum.
1284 4530 1350 4592 Vix
1386 4552 1462 4596 sana
1495 4536 1543 4595 est
